2590 3964
366 679 424 794 Μ.
454 681 673 788 runnu
699 679 1035 769 cressonis

279 819 701 896 EPISTOLARUM
742 822 817 893 AD
853 819 1123 894 ATTICUM

519 975 654 1043 LIBER
677 976 874 1044 TERTIUS.

645 1153 752 1164 ———

684 1275 711 1340 I.

305 1393 362 1448 Ser.
381 1392 411 1447 in
429 1393 530 1447 Itinere
548 1393 662 1448 ineunte
680 1411 775 1451 mense
793 1394 885 1464 Aprili
903 1411 928 1448 e.
947 1411 973 1448 n.
993 1409 1015 1447 e.
1035 1399 1096 1446 696.

512 1497 642 1553 CICERO
660 1499 795 1555 ATTICO
814 1499 890 1554 SAL.

290 1607 395 1682 Quum
419 1609 516 1670 antea
537 1606 674 1670 maxime
697 1611 811 1672 nostre
828 1608 983 1672 interesse
997 1605 1187 1670 arbitrabar
1290 1612 1291 1664 I

221 1699 254 1760 te
283 1715 352 1758 esse
378 1694 561 1777 nobiseum,
591 1698 661 1759 tum
688 1715 779 1778 rere,
810 1699 848 1760 ub
873 1695 939 1780 legi
965 1693 1184 1779 rogationem,
1291 1700 1292 1726 ¹

222 1781 366 1847 intellexi
388 1781 430 1846 ed
451 1781 513 1845 iter
534 1782 577 1865 id,
599 1781 685 1866 quod
703 1783 866 1867 constitui,
888 1783 970 1846 nihil
984 1781 1065 1845 mihi
1087 1784 1181 1864 opte—
1292 1788 1293 1804 ¹

221 1871 288 1934 tius
310 1869 422 1934 cedere
445 1890 554 1953 posse,
586 1891 683 1953 quem
709 1873 748 1934 ub
773 1874 810 1935 bu
836 1891 888 1934 me
918 1869 1178 1953 quamprimum
1293 1876 1294 1880 ’

222 1978 465 2041 consequerere,
488 1959 538 2040 ut,
566 1977 666 2041 quum
688 1978 728 2021 ex
749 1956 845 2022 Italia
866 1957 1004 2042 profecti
1026 1977 1182 2039 essemus,

173 2109 175 2112 .
223 2047 289 2111 sive
311 2067 369 2129 per
391 2044 527 2129 Epirum
548 2044 611 2108 iter
633 2047 718 2110 esset
739 2044 932 2130 faciendum,
953 2048 1010 2109 tuo
1033 2048 1178 2109 tuorum-

222 2156 284 2218 que
312 2133 472 2217 praesidio
494 2135 673 2216 uteremur,
703 2132 770 2196 sive
797 2133 884 2198 eliud
911 2132 988 2217 quid
1015 2131 1180 2218 egendum

222 2225 319 2305 esseb,
356 2225 479 2286 certum
510 2220 680 2286 consilium
711 2219 750 2285 de
782 2224 839 2285 bue
871 2220 1032 2285 sententie
1064 2241 1181 2303 cepere

222 2331 401 2393 possemus3
433 2307 642 2393 quemobrem
664 2311 696 2373 te
720 2328 791 2388 oro,
818 2309 873 2372 des
897 2329 1040 2392 operam,
1067 2311 1106 2371 nt
1127 2328 1181 2371 me

223 2398 333 2460 sbubim
356 2416 561 2479 consequere,
583 2394 669 2479 quod
688 2417 725 2460 eo
748 2395 876 2460 facilius
898 2399 1001 2480 posen
1023 2396 1181 2480 quoniam

223 2483 262 2546 de
291 2483 457 2565 provincia
483 2481 673 2547 Macedonia
703 2484 828 2567 perlata
854 2484 906 2547 lex
933 2487 991 2548 esi.
1026 2482 1182 2548 Pluribus

222 2570 327 2636 verbis
349 2573 456 2632 tecum
477 2589 614 2652 egerem,
635 2569 699 2632 nisi
720 2591 780 2654 pro
803 2591 854 2634 me
869 2571 954 2654 apud
976 2575 1009 2635 be
1032 2591 1085 2635 res
1107 2572 1183 2655 ipsa

221 2658 414 2740 loqueretur.

680 2813 722 2878 H.

301 2932 358 2988 Ser.
378 2932 408 2985 in
425 2931 525 2987 itinere
544 2947 569 2986 e.
588 2932 614 2986 d.
633 2933 680 2987 VI.
700 2933 765 2988 Idus
783 2934 895 3004 Apriles
913 2952 938 2989 n
957 2953 984 2988 n.
1004 2952 1027 2990 c.
1047 2941 1108 2990 696.

512 3035 642 3091 CICERO
660 3037 794 3094 ATTICO
814 3039 889 3094 SAL.

289 3144 420 3210 Itineris
446 3143 551 3208 nostri
578 3164 675 3208 cause
703 3145 780 3228 fuit,
812 3145 898 3228 quod
924 3167 992 3211 non
1018 3146 1187 3212 habebam

223 3236 345 3318 locum,
380 3231 437 3296 ubi
472 3251 532 3315 pro
568 3251 640 3295 meo
680 3231 749 3296 iure
781 3232 901 3298 diubins
937 3255 1007 3298 esse
1041 3255 1188 3320 possem,

293 3387 344 3457 Ep.
366 3393 389 3441 1.
403 3387 528 3455 nummu
546 3400 732 3454 comeqwere
750 3386 825 3456 (Ψ).
839 3404 886 3456 pr.
905 3403 1067 3470 munerare
1084 3389 1185 3460 vulgo.

222 3458 448 3598 c-Jervsfflgqgwd
466 3472 495 3512 eo
508 3456 562 3523 fae.
582 3456 615 3522 (c.
635 3470 663 3508 e:
683 3453 720 3524 C,
738 3455 776 3510 lb.
796 3472 823 3510 o:
842 3457 884 3525 Z.;
906 3457 989 3530 Regu
1006 3473 1040 3525 e,
1056 3460 1133 3528 quod
1150 3461 1188 3530 s.)
