2574 3966
192 242 454 300 EPISTOLARUM
472 243 521 301 AD
540 243 704 300 ΑΤΤιοῦιι
722 245 783 300 ιιι.
804 251 916 301 ιιι-ιι.
965 246 1030 310 431

59 386 353 472 dissimulationis,
376 389 432 453 sed
454 389 562 472 potius
580 389 721 454 leniendi
739 392 772 455 et
786 390 922 456 sanandi
936 390 1036 456 animi

60 497 176 541 cansa
197 477 291 561 facio,
313 481 439 561 tamen,
462 477 489 541 si
512 477 591 542 mihi
614 478 720 542 minus
742 479 885 562 proficio,
908 479 1035 545 simula-

60 565 159 630 tioni
184 569 269 630 certe
298 564 383 630 facio
407 566 495 630 satis.
538 565 648 631 Minus
671 566 773 632 multa
795 565 837 632 ad
859 571 891 632 te
915 569 1063 653 scripsi!

61 653 164 736 quod
187 653 413 738 exspectabam
435 657 508 718 tuas
530 654 655 720 litteras
678 655 718 720 ad
742 676 809 738 eas,
832 677 912 740 quas
933 657 1037 740 pridie

62 741 243 843 dederam,
267 745 396 826 exspect
381 742 562 808 tabamt
506 745 562 807 aut
562 765 614 808 em
626 744 764 821 maxime
785 743 824 809 de
846 744 934 826 fano,
956 766 1037 809 non-

61 830 158 894 nihil
182 829 280 895 etiarn
301 831 339 895 de
355 829 515 896 Terentia.
541 829 649 896 Velim
671 853 722 896 me
744 831 845 897 facias
869 795 1037 897 certiorem

63 919 232 1020 proximis
245 919 371 1003 litteris,
393 916 451 984 Cn.
469 916 598 1005 Caepio,
621 917 773 986 Serviliae
788 916 914 985 Claudii
936 924 1037 1005 pater,

64 1007 193 1072 vivona
216 1010 381 1108 putresco
404 1007 576 1093 naufragio
598 1009 730 1092 perierit
743 1030 787 1074 an
799 1012 937 1092 mortuo,
959 1010 1038 1074 item

64 1094 201 1160 Rutilia
229 1096 345 1160 vivona
373 1093 408 1162 Ο.
431 1092 541 1181 (latta,
571 1096 639 1162 filio
666 1119 739 1183 suo,
769 1100 899 1163 mortua
926 1096 1038 1162 sitan

65 1187 220 1250 mortuo:
243 1183 407 1305 pertinent
429 1184 470 1250 ad
493 1205 567 1250 eum
589 1185 721 1270 Ῑιιιιιιιιι,
750 1206 885 1271 quem„
885 1185 925 1251 de
947 1186 1038 1251 luctu

66 1270 272 1338 minuendo“
294 1273 488 1357 scripsimus

514 1467 603 1532 XXI.

238 1585 295 1642 Ser.
313 1588 433 1642 Asturae
451 1604 547 1642 mense
564 1587 666 1642 Martio
684 1604 709 1643 a.
728 1605 755 1642 u.
775 1605 797 1644 c.
818 1593 877 1645 ⁷09.

349 1691 497 1749 OIOERO
514 1692 665 1749 ATTICO
682 1691 766 1750 SAL.

143 1799 226 1886 Legi
247 1799 342 1866 Bruti
365 1801 535 1886 epistolam
557 1823 692 1886 eamque
720 1802 781 1868 tibi
806 1803 928 1887 remisi,
959 1821 1063 1870 sanai

72 1911 145 1955 non
167 1889 344 1991 prudenter
365 1889 555 1975 rescriptam
576 1890 617 1956 ad
645 1913 697 1975 ea,
728 1913 810 1975 quae
836 1891 1037 1977 requisieras.

74 1977 174 2044 Sed
163 1999 234 2062 ipse
255 1977 386 2062 viderit3
415 2000 610 2080 quamquam
631 1941 713 2044 illu'd
734 1980 873 2064 turpiter
893 1979 1037 2065 ignorat:

73 2065 236 2132 Catonem
262 2067 402 2151 primum
431 2066 625 2136 senteutiam
651 2069 746 2150 putat
731 2067 812 2131 tde
840 2067 1039 2132 animadver-

74 2155 169 2221 sione
201 2154 332 2239 dixisse,
363 2177 460 2240 quarn
493 2176 605 2220 omnes
632 2157 708 2219 ante
675 2154 885 2220 tdixerant
910 2159 1039 2240 praeter

74 2242 262 2328 Caesarem,
298 2247 344 2328 et,
381 2265 479 2328 quum
515 2243 617 2345 ipsius
649 2240 796 2310 Caesaris
827 2245 896 2307 tam
927 2264 1039 2309 severa

73 2331 189 2417 fuerit,
216 2332 272 2417 qui
292 2334 363 2398 tum
385 2331 547 2417 praetorio
569 2333 641 2398 loco
665 2330 793 2416 dixerit,
819 2332 1037 2397 consularium

74 2423 173 2506 putat
194 2421 332 2486 leniores
361 2420 475 2504 fuisse,
502 2418 622 2505 Catuli,
651 2417 791 2505 Servilii,
822 2418 1039 2504 Lucullorum,

75 2507 242 2593 Curionis,
265 2508 434 2594 Torquati,
462 2507 587 2594 Lepidi,
615 2507 723 2594 Gellii,
746 2507 886 2574 Volcatii
890 2507 1040 2594 ,Figuli

76 2596 204 2682 Cottae,
226 2560 434 2682 hansaris,
454 2595 488 2662 0.
508 2596 645 2681 Pisonis,
667 2598 765 2662 etiam
778 2595 831 2662 Μ’.
845 2595 1038 2682 Glabrionis,

77 2685 192 2770 Silani,
213 2685 378 2770 Murenae,
399 2686 642 2772 designatorum
660 2686 837 2752 consulum.
873 2683 938 2752 Gur
960 2707 1038 2772 ergo

75 2777 112 2840 in
136 2775 331 2841 sententiam
354 2773 511 2841 Catonis?
547 2774 623 2859 quia
644 2774 750 2840 verbis
772 2774 1038 2841 luculentioribus

78 2868 112 2929 et
133 2863 282 2948 pluribus
304 2885 373 2928 rem
393 2864 529 2928 eandem
543 2863 836 2947 comprehenderat
862 2861 987 2927 Met
931 2865 987 2927 aut
988 2883 1039 2926 em

78 2952 132 3017 hic
155 2951 268 3016 laudat
253 2951 389 3036 t,quod
411 2951 603 3036 rettulerim,
624 2971 693 3015 non
715 2949 801 3036 quod
824 2950 1039 3034 patefecerim,
1079 3010 1080 3014 ,

78 3040 166 3126 quod
189 3001 426 3105 cohortatus
401 3062 470 3126 sim,
493 3040 579 3124 quod
599 3039 745 3124 denique,
768 3041 942 3140 antequam
964 3059 1038 3103 con·

79 3128 327 3213 sulerem,'1pse
354 3127 575 3195 indicaverim:
607 3149 689 3212 quae
719 3127 828 3192 omnia
855 3127 929 3210 quia
958 3123 1038 3192 Oato

77 3217 229 3284 laudibus
252 3218 410 3284 extulerat
438 3217 474 3282 in
501 3217 625 3282 caelum
652 3215 940 3300 perscribendaque
967 3235 1039 3280 cen·

79 3310 198 3391 suerat,
220 3303 371 3372 idcirco
362 3327 398 3370 ιιι
420 3306 488 3370 eius
508 3305 702 3370 sententiam
715 3307 765 3370 ast
750 3303 865 3369 tfaeta
879 3302 1040 3368 discessio.

149 3515 310 3585 Ep21,1
330 3515 444 3572 Catonia
457 3516 526 3570 itum
538 3514 598 3570 cat?
616 3516 685 3586 quta
703 3513 759 3584 (Οι.
776 3511 929 3584 conj.-)·?
894 3511 1040 3582 -patcfi,

80 3587 153 3658 quod
171 3586 228 3642 colu.
247 3586 314 3656 (vl.)
333 3604 374 3658 ιι,
392 3603 412 3642 c
432 3584 591 3656 Mltlth.
