2484 3974
207 201 274 267 390
365 205 369 210 ’
491 202 528 258 Μ.
548 199 671 259 TULLII
689 198 881 259 CICERONIS

206 347 315 412 rides.¹
332 346 442 414 Dicest
465 346 560 432 „quid
574 347 647 431 illis,
669 347 698 412 si
720 347 796 412 vieti
818 346 955 412 emntY‘
991 345 1149 414 Honestior

181 439 258 500 sest
279 435 385 520 plaga.
416 433 508 500 Haeo
530 455 582 499 mo
596 437 789 500 exornoiant.
821 433 955 520 Sulpicii
969 440 1076 502 sutem
1088 457 1151 502 oon·

207 524 314 589 silium
337 543 405 588 non
423 523 581 608 scripsisti
594 541 651 588 our
663 545 736 592 meo
749 545 817 588 non
831 527 1058 608 anteponeres,
1078 525 1152 609 quod

207 613 269 676 etsi
291 633 357 677 non
380 615 449 678 tam
478 612 656 699 gloriosum
682 616 732 678 ost
759 633 856 696 quom
878 610 1026 698 Catonis,
1056 616 1154 678 tamon

207 704 241 766 et
268 701 410 784 periculo
438 722 575 790 vacuom
602 704 652 766 est
678 704 712 765 st
738 701 856 766 dolore.
901 699 1088 767 Extremum
1112 706 1155 766 est

208 810 333 873 eorum,
365 789 421 873 qui
446 789 481 853 in
504 788 628 854 Achaia
657 792 748 854 sunt:
783 789 940 854 iitamen
961 789 1026 874 ipsi
1049 811 1082 854 ss
1099 789 1156 854 hoe

206 878 322 942 melius
343 877 467 943 habent
488 898 586 962 quam
608 899 681 961 nos,
713 877 799 962 quod
822 881 856 941 et
883 878 979 942 multi
1002 881 1077 942 sunt
1096 899 1155 942 uno

206 966 243 1031 in
264 967 337 1032 loeo
360 969 402 1049 ot,
425 985 523 1050 quum
536 967 572 1030 in
584 965 713 1031 Italiam
726 966 882 1050 venerint,
905 965 1037 1031 domum
1056 966 1158 1030 statim

207 1055 347 1120 venient.
391 1053 481 1119 Haeo
502 1057 540 1120 tu
562 1076 669 1140 perge,
692 1059 729 1120 ut
750 1054 844 1139 fecis,
867 1055 1017 1138 mitigare
1036 1059 1071 1118 et
1091 1075 1157 1138 pro-

181 1143 284 1208 sbare
307 1165 404 1227 quam
426 1143 581 1227 plurimis.
615 1142 708 1219 Quod
730 1146 763 1207 te
786 1162 927 1225 exossas,
950 1164 1012 1228 ego
1035 1146 1160 1226 verost

206 1235 281 1296 tuas
308 1252 422 1296 causas
448 1252 548 1297 nosoo
576 1235 610 1296 et
635 1253 707 1296 mea
735 1232 892 1298 interesse
922 1235 1003 1315 puto
1035 1235 1067 1296 te
1091 1231 1159 1295 istio

208 1340 291 1402 esse,
314 1320 365 1384 vol
387 1324 424 1384 ut
446 1341 519 1386 oum
541 1319 595 1404 iis,
617 1320 734 1404 quibus
757 1319 932 1403 oportebit,
960 1339 1053 1405 agas,
1082 1340 1160 1404 quae

208 1411 305 1472 erunt
331 1407 457 1493 agenda
484 1408 523 1472 de
550 1408 659 1492 nobis,
689 1411 727 1472 ut
754 1429 805 1491 eo,
837 1429 919 1492 quse
946 1408 1044 1492 egisti
1065 1444 1106 1454 -
1126 1408 1160 1471 in

207 1496 382 1581 primisque
417 1497 480 1564 hoo
515 1496 611 1561 velim
648 1495 898 1561 animadvertas:
939 1497 1060 1560 multos
1094 1517 1160 1560 esse

208 1585 355 1669 arbitror,
379 1585 434 1668 qui
457 1584 498 1649 ad
511 1582 681 1650 Gaesarem
704 1584 879 1650 detulerint
900 1583 1078 1650 deleturive
1099 1583 1161 1648 sint

207 1693 259 1736 me
282 1676 339 1737 aut
359 1672 525 1756 poenitere
539 1673 665 1738 consilii
677 1674 741 1738 mei
755 1676 893 1738 autnon
914 1673 1061 1756 probare,
1084 1692 1160 1756 quse

207 1760 300 1843 fiant,
331 1783 468 1844 quorum
491 1762 552 1826 etsi
573 1766 744 1846 utrumqne
767 1783 878 1826 vorum
901 1766 962 1845 est,
991 1765 1101 1825 tamen
1122 1760 1161 1824 ab

207 1849 272 1913 illis
294 1849 411 1914 dieitur
433 1850 541 1915 animo
565 1872 584 1914 a
604 1869 655 1914 me
678 1851 828 1932 alienato,
850 1869 918 1914 non
940 1869 1005 1933 quo
1027 1850 1075 1914 ita
1096 1869 1161 1912 esse

207 1938 437 2022 perspexerint,
460 1937 525 2021 sed,
547 1941 652 2003 totum
674 1943 712 2002 ut
734 1938 796 2003 hoo
809 1937 931 2004 Balbus
952 1938 1110 2002 sustinent
1130 1940 1162 1999 st

208 2024 332 2111 Oppius
353 2030 387 2091 et
409 2048 518 2092 eorum
542 2027 662 2092 crebris
683 2027 801 2092 litteris
814 2027 902 2092 illius
915 2026 1068 2092 volontas
1089 2045 1161 2110 erga

207 2135 259 2178 mo
286 2115 494 2180 confirmetur
520 2117 554 2179 et
579 2114 641 2180 hoo
667 2116 764 2200 plane
794 2118 833 2182 ut
862 2115 933 2197 fiat,
964 2113 1161 2198 diligentiam

208 2203 376 2268 adhibebis
399 2227 455 2288 -3
487 2204 623 2268 alterum
646 2206 709 2287 est,
736 2224 793 2268 our
813 2206 847 2267 te
869 2203 971 2268 nolim
994 2201 1161 2282 discedere,

182 2292 295 2375 equod
318 2292 431 2357 scribis
459 2292 536 2370 †te
558 2291 719 2376 flagitare:
752 2311 772 2356 o
798 2311 867 2355 rem
893 2292 1058 2356 miseraml
1089 2288 1162 2374 quid

209 2379 369 2444 scribam?
407 2384 464 2445 aut
485 2379 562 2464 quid
585 2379 703 2444 velim?
735 2380 832 2448 breve
853 2379 986 2463 fooiam,
1016 2378 1162 2443 laorimse

209 2467 295 2530 enim
318 2487 352 2532 sa
376 2468 482 2533 subito
506 2466 731 2552 profuderunt:
762 2467 822 2532 tibi
844 2468 1010 2552 permitto,
1032 2471 1071 2531 tu
1093 2487 1161 2532 oon·

209 2555 290 2620 sule:
312 2559 441 2620 tontum
462 2556 548 2640 vide,
571 2575 612 2620 no
635 2556 697 2621 hoo
710 2557 731 2636 †
744 2557 899 2639 temporis
921 2559 954 2620 te
977 2555 1091 2621 obesse
1111 2555 1162 2620 sli-

209 2643 286 2726 quid
308 2642 421 2727 possit.
460 2644 607 2730 Ignosos,
629 2645 761 2710 obseoro
779 2646 825 2709 te:
848 2665 917 2710 non
933 2665 1068 2728 possum
1090 2663 1161 2728 pree

208 2731 287 2796 fletu
309 2735 343 2796 et
365 2731 475 2798 dolore
497 2731 618 2798 diutius
639 2733 675 2798 in
696 2733 759 2798 hoo
781 2732 854 2798 looo
867 2733 1073 2815 commorari3
1097 2736 1161 2796 tsn-

208 2823 279 2884 tum
301 2820 414 2904 diosm,
436 2821 520 2884 nihil
532 2820 612 2884 mihi
625 2821 750 2906 gratim
766 2841 844 2904 esse,
867 2841 965 2905 quam
987 2820 1074 2905 quod
1097 2839 1162 2884 aem

183 2909 327 2994 rdiligis.
353 2908 446 2986 Quod
469 2909 602 2992 litteras,
625 2908 741 2992 quibus
763 2911 859 2993 putes
878 2929 959 2992 opus
973 2929 1053 2992 esse,
1074 2927 1162 2974 ouras

209 2997 346 3080 dandas,
376 2997 458 3062 facis
485 2996 661 3062 commodo.
706 2995 862 3072 Quintum
888 2997 990 3061 filium
1017 2996 1084 3062 vidi
1114 2994 1162 3081 qui

199 3177 208 3190 '
271 3188 331 3272 .EP'
347 3194 371 3256 7,
386 3195 410 3244 4.
428 3189 643 3244 solimamimt
660 3187 753 3258 (Son).
772 3204 792 3244 s.
807 3189 931 3243 samar
942 3185 1036 3260 vulgo.
1073 3195 1099 3272 β.
1117 3191 1162 3254 ’ste

208 3256 919 3399 risset-’brittristiter
945 3259 980 3397 ¹¹1³
1000 3258 1163 3398 trrtt

210 3401 261 3452 aut
282 3404 307 3453 te
329 3401 454 3468 napitas·
481 3400 509 3469 (l.
529 3416 563 3454 ax
581 3399 678 3468 „libris
697 3401 793 3466 vett.“,
812 3400 863 3469 B.).
896 3429 931 3441 -
962 3401 1162 3526 {maists

210 3467 279 3536 (Mi,
298 3467 406 3535 Wurag
434 3474 453 3522 t.
472 3471 515 3524 ros·
532 3469 596 3536 Me,
625 3475 642 3525 t.
666 3471 718 3524 etta·
736 3470 798 3527 odd.
817 3469 893 3539 Mal,
912 3501 948 3511 -
988 3477 1016 3526 .r
1043 3469 1161 3540 -,1tL;

210 3542 229 3592 t.
243 3538 292 3593 ubi
305 3537 353 3599 hb.
372 3541 549 3607 temperasse·
563 3539 669 3610 (Koch,
682 3541 725 3609 B.)
739 3544 790 3597 aut
803 3541 917 3598 testeos
931 3541 1081 3598 Dolabella
1092 3541 1137 3612 (W
1139 3541 1161 3610 t
