2522 3960
229 213 293 278 162
510 211 548 267 n.
567 209 691 266 TULLII
709 209 902 268 CICERONIS

227 358 340 424 datum
362 357 445 424 scias
467 378 519 422 me
542 375 684 439 curasse,
715 354 737 434 †
760 354 846 440 quod
869 359 944 420 ante
968 355 1015 420 ait
1037 377 1071 420 se
1095 354 1204 420 Pom·

227 447 320 532 peius
334 445 451 530 quinos
472 445 653 531 praefectos
672 444 854 508 delaturum
876 465 979 509 novos
1001 444 1207 510 vacationes

226 534 427 600 iudiciariam
450 554 588 600 causam.
616 531 689 619 Ego
713 553 812 617 quum
834 531 977 597 triduum
1001 553 1074 597 cum
1095 531 1206 599 Pom-

227 624 301 708 peio
343 625 376 687 et
416 621 502 707 apud
541 619 731 706 Pompeium
770 619 917 704 fuissem,
961 619 1206 704 proficiscebar

226 709 437 776 Brundisium
472 732 501 776 a
538 708 567 773 d.
597 725 655 774 111.
687 707 759 773 Kal.
795 706 922 773 Iuniasz
959 707 1061 773 civem
1098 707 1205 772 illum

226 800 395 885 egregium
421 795 644 882 relinquebam
666 800 700 861 et
726 796 767 861 ad
793 795 888 881 haec,
915 815 996 880 quae
1023 795 1205 881 timentur,

106 942 110 950 .
228 886 449 974 propulsanda
470 885 720 972 paratissimum.
747 884 833 948 'lbras
846 884 973 948 litteras
986 885 1205 969 exspectabo,

229 998 328 1062 quum
350 978 397 1060 ut,
418 975 495 1059 quid
518 993 606 1060 agas,
627 977 698 1039 tum
720 976 766 1057 ut,
787 972 844 1037 ubi
866 973 924 1057 sis,
946 972 1054 1037 sciam.

666 1165 758 1234 VIII.

321 1289 398 1367 ¹¹Ser.
418 1284 560 1344 Brundisii
577 1287 638 1343 1111.
658 1287 754 1344 Nonas
772 1277 867 1342 Iunias
886 1303 910 1342 a.
930 1305 957 1342 n.
976 1304 999 1343 c.
1021 1293 1080 1342 ⁷0⁸.

520 1390 652 1448 CICERO
670 1391 803 1450 ATTICO
823 1392 900 1448 SAL.

202 1522 215 1562 r
296 1500 349 1568 Me
377 1505 411 1566 et
435 1501 640 1568 incommoda
667 1501 832 1585 valetudo,
858 1522 876 1566 e
905 1523 969 1586 qua
995 1502 1060 1566 iam
1087 1523 1198 1568 emer·

230 1610 343 1674 seram,
365 1593 479 1674 utpote
501 1611 601 1674 quum
622 1591 691 1655 sine
712 1589 796 1654 febri
817 1590 1025 1674 laborassem,
1047 1594 1080 1655 et
1093 1590 1197 1656 Pom-

229 1679 314 1763 ptini
336 1679 546 1764 exspectatio,
575 1678 614 1743 de
637 1699 701 1763 quo
729 1678 835 1743 adhuc
861 1699 903 1744 ne
925 1699 1037 1744 rumor
1058 1679 1197 1764 quidem

229 1770 375 1851 venerat,
401 1768 534 1832 tenebat
560 1767 784 1832 duodecimum
811 1766 877 1832 iam
906 1765 991 1832 diem
1013 1764 1196 1852 Brundisii,

201 1856 286 1921 rsed
309 1875 438 1920 cursam
460 1856 733 1940 exspectabamus.
765 1854 823 1938 Tu,
846 1855 992 1920 simodo
1016 1877 1050 1920 es
1063 1855 1195 1922 Romae

230 1979 273 1994 -
286 1945 341 2009 rix
363 1944 449 2009 enim
470 1948 550 2029 puto
567 1979 620 2028 -,
642 1944 695 2008 sin
716 1965 760 2027 es,
781 1943 845 2010 hoc
864 1943 1072 2008 vehementer
1086 1946 1194 2010 anim-

230 2032 378 2098 advertas
400 2032 505 2098 velim.
549 2031 654 2098 Roma
677 2052 862 2115 acceperam
883 2032 1008 2096 Iltteras
1031 2031 1194 2099 Milonem
1259 2077 1260 2092 2

230 2142 338 2186 meum
351 2121 441 2207 queri
462 2142 521 2204 per
539 2119 665 2186 litteras
678 2120 829 2186 iniuriam
843 2141 957 2204 meam,
980 2121 1065 2205 quod
1078 2120 1193 2188 Philo·

229 2211 329 2276 timus
352 2210 457 2274 socius
484 2212 570 2274 esset
590 2209 627 2274 in
652 2207 747 2273 bonis
774 2209 849 2273 suis.
890 2207 928 2273 Id
956 2229 1017 2295 ego
1044 2209 1091 2274 ita
1118 2211 1193 2276 fieri

229 2299 318 2362 volui
338 2297 378 2362 de
391 2295 427 2362 0.
439 2295 578 2362 Duronii
592 2297 762 2380 sententia,
785 2317 880 2381 quem
903 2301 937 2361 et
958 2298 1192 2364 amicissimum
1258 2313 1259 2344 ³

230 2383 347 2449 Miloni
380 2405 605 2469 perspexeram
641 2388 675 2450 et
708 2383 808 2450 talem
838 2385 956 2469 virum,
992 2388 1121 2471 qualem
1153 2391 1191 2453 tu

230 2472 366 2556 iudicas,
393 2493 577 2556 cognoram.
621 2471 702 2538 Eius
729 2477 837 2539 autem
868 2475 1038 2539 consilium
1066 2497 1191 2540 meum·
1257 2545 1258 2550 ,

231 2580 293 2645 qne
319 2559 383 2624 hoc
408 2559 528 2644 fuerat,
562 2560 716 2644 primum,
751 2565 788 2625 ut
818 2562 854 2626 in
885 2564 1046 2646 potestate
1074 2567 1191 2629 nostra

231 2650 317 2712 esset
337 2667 398 2731 res,
420 2668 462 2711 ne
483 2648 575 2712 illum
598 2648 701 2712 malus
722 2652 848 2733 emptor
861 2649 985 2714 alienus
1008 2652 1191 2737 mancipiis,

252 2756 313 2800 uae
340 2735 501 2820 permulta
527 2756 635 2801 secum
661 2736 774 2822 habet,
801 2738 968 2822 spoliaret,
996 2738 1125 2824 deinde,
1152 2745 1190 2805 ut
1256 2783 1257 2837 ,

230 2757 379 2907 I'austae,
401 2824 453 2888 cui
476 2828 606 2889 cautum
623 2823 677 2889 ille
692 2846 761 2890 esse
774 2825 937 2910 voluisset,
959 2830 1067 2892 ratum
1090 2832 1190 2912 esset3

231 2916 302 2978 erat
323 2912 421 2978 etiam
442 2912 531 2997 illud,
553 2916 591 2978 ut
611 2913 675 2998 ipsi
697 2934 767 3000 nos,
788 2913 907 2998 siquid
925 2916 1046 2980 servari
1067 2920 1189 3002 posset,
1255 2987 1256 3007 ,

206 3019 329 3088 equam
349 3000 502 3066 facillime
524 3022 731 3068 servaremus.
775 2999 871 3068 Nune
893 3023 961 3068 rem
983 3006 1087 3069 totam
1116 3027 1187 3090 per·
1255 3009 1256 3059 l

301 3193 353 3265 Ep.
373 3199 397 3249 ⁷.
428 3195 537 3265 tesca
554 3199 618 3250 cate
636 3194 1187 3266 ait...ea1.covos(c.,r11c1.,w.;
1254 3223 1255 3283 ,

231 3263 260 3320 0.
278 3265 375 3320 mmen
392 3269 474 3320 antec
491 3265 529 3332 td,
547 3264 629 3319 MRI.
657 3270 721 3321 cate
739 3266 784 3330 ad,
802 3266 822 3320 1.
841 3267 946 3336 amas).
973 3272 1038 3337 pact
1056 3273 1129 3334 ante,
1147 3270 1188 3322 act

286 3335 472 3402 toracem,
485 3333 546 3404 BQ?
565 3333 737 3390 Exciderunt
762 3336 905 3391 nonnulla.
937 3367 973 3377 -
1004 3355 1030 3392 a.
1053 3338 1079 3392 d.
1106 3337 1186 3394 XII.

229 3405 327 3530 {Mala
360 3407 431 3460 ad.
453 3404 575 3460 XIIII.
597 3404 696 3473 nal,
721 3405 789 3461 Oxx.
823 3424 849 3462 a.
873 3408 899 3463 d.
925 3407 984 3462 XI.
1008 3405 1132 3477 conec,
1155 3409 1185 3463 B.

276 3481 326 3544 .8,
347 3482 370 3529 1.
402 3474 583 3545 Bersabe).
615 3473 700 3530 Rana
717 3476 767 3530 M:
786 3475 889 3534 Roseae
907 3476 984 3532 ltIB.
1029 3484 1053 3534 2.
1082 3479 1187 3536 litteras

268 3545 298 3599 ct.
317 3544 433 3615 (vulgo).
457 3543 500 3616 [t]
516 3545 559 3599 Μ.
574 3544 604 3599 Β.
623 3574 659 3586 -
676 3561 763 3601 eccum
782 3547 862 3618 (EI).
880 3562 977 3607 macra
991 3549 1028 3619 Z,
1042 3549 1089 3618 M,
1104 3567 1141 3622 q,
1155 3549 1185 3604 Β.
1252 3559 1253 3630 l

1252 3631 1253 3660 l
