2484 3974
191 269 452 327 EPISTOLARUM
470 271 520 326 AD
539 270 704 326 ATTICUM
722 270 769 325 IX.
790 277 831 326 10.
926 269 991 334 325

50 417 151 500 autri
173 415 364 502 significavi,
385 437 453 482 non
476 415 547 481 dico
569 415 617 480 fui
639 417 837 498 inconstans,
860 415 916 480 sed
939 414 991 480 de·

49 503 154 570 mens.“
197 505 238 570 In
262 503 374 570 eedem
403 505 539 590 epistola
562 505 625 570 elio
647 506 731 569 loco:
767 503 874 588 „nihil
896 504 991 569 relin-

49 593 145 676 quitur
165 593 230 658 nisi
251 593 341 678 fuga,
364 593 415 658 cui
428 596 461 658 te
475 593 597 659 socium
610 593 797 676 neutiquam
819 595 899 676 puto
923 613 992 657 esse

50 685 183 764 oportere
205 701 266 746 neo
288 702 442 765 umquam
463 681 602 766 putavi.“
638 681 755 746 Totam
778 684 886 746 eutem
906 681 1017 746 hanc²

50 768 299 834 deliberationem
322 769 441 835 evolvis
465 771 644 834 accuratius
657 769 693 834 in
706 769 823 834 litteris
837 787 907 834 vm.
919 768 991 834 Kal.

49 856 132 922 Mart
162 857 258 924 datis:
290 859 337 943 „si
367 857 420 922 Μ’.
446 857 587 944 Lepidus
617 862 650 923 et
680 856 716 923 L.
743 856 912 923 Volcatius
944 878 991 921 re-

49 950 177 1031 manent,
198 947 395 1011 menendum
416 951 507 1031 puto,
528 948 575 1012 ita
597 950 643 1031 ut,
666 947 694 1012 si
716 948 824 1012 salvus
843 945 886 1010 sit
898 944 991 1010 Pom-

49 1035 129 1116 peius
150 1039 183 1100 et
205 1036 386 1100 constiterit
408 1036 541 1121 alicubi,
563 1036 648 1100 hanc
670 1037 808 1100 νεκυίαν
830 1032 992 1118 relinquas

50 1125 79 1186 et
95 1126 126 1187 te
146 1124 181 1187 in
203 1124 378 1188 certamine
407 1125 493 1189 vinci
520 1145 594 1189 oum
620 1125 677 1188 illo
703 1123 831 1188 facilius
858 1122 1016 1207 patiaris

50 1231 136 1292 quam
156 1233 229 1294 cum
250 1212 362 1278 hocin
376 1233 422 1296 ea,
445 1235 526 1296 quae
548 1213 742 1297 perspicitur
754 1212 873 1296 futura,
895 1211 992 1277 collu-

49 1298 93 1362 vie
112 1299 272 1386 regnare.“
315 1300 420 1366 Multa
447 1300 592 1386 disputas
618 1301 694 1366 huic
717 1301 895 1366 sententiae
918 1321 993 1366 con·

49 1388 211 1472 venientia3
249 1389 324 1453 inde
355 1388 397 1454 ad
428 1393 605 1454 extremum
636 1389 751 1475 „quid,
783 1389 846 1474 si,“
877 1389 993 1473 inquis,

49 1473 197 1560 „Lepidus
235 1481 269 1541 et
302 1477 470 1543 Volcatius
507 1477 696 1543 discedunt?
732 1479 828 1563 plane
865 1472 993 1560 rinconi:

50 1565 126 1646 quod
151 1566 293 1630 evenerit
317 1565 419 1652 igitur
445 1569 478 1631 et
505 1566 590 1652 quod
612 1567 731 1653 egeris,
761 1566 794 1631 id
821 1563 994 1651 στερκτέον

49 1653 185 1734 puubof‘
213 1651 247 1718 si
262 1657 333 1718 tum
346 1655 527 1740 dubitabas,
548 1677 635 1720 nunc
658 1659 743 1720 certe
765 1677 833 1720 non
856 1655 993 1740 dubitas,

49 1740 112 1804 istis
132 1742 344 1808 manentibus.
377 1743 502 1808 Deinde
524 1743 560 1808 in
582 1744 653 1829 ipsa
674 1745 754 1897 suqa
776 1763 808 1809 v.
822 1743 893 1808 Kal.
907 1742 1019 1808 Mar-⁸

50 1828 117 1893 tias:
148 1831 293 1915 „interea
319 1852 388 1897 non
415 1832 526 1898 dubito
550 1834 628 1917 quin
650 1833 686 1898 in
737 1833 881 1898 ormiano
904 1855 994 1897 man·

51 1937 133 1983 surus
155 1920 211 2004 sis3
234 1920 491 1986 commodissime
514 1922 599 1986 enirn
621 1917 658 1987 τὸ
682 1919 804 2006 μέλλον
826 1921 873 1985 ibi
894 1944 995 2004 καρα-

52 2003 221 2090 δοκήσεις.“
269 2007 377 2092 Atque
409 2008 449 2074 K.
480 2009 585 2094 Mart,
625 2031 723 2094 quum
756 2009 809 2074 ille
846 2010 995 2093 quintum

50 2093 107 2159 iam
119 2095 200 2161 diem
213 2095 379 2162 Brundisii
392 2102 488 2163 esset:
510 2101 598 2183 „tum
615 2097 792 2181 poterimus
810 2096 995 2181 deliberare,

50 2202 109 2246 non
134 2186 255 2250 scilicet
280 2186 408 2272 integra
434 2208 482 2271 re,
515 2185 571 2251 sed
602 2188 688 2250 certe
714 2185 821 2250 minus
848 2185 995 2268 infracta,

52 2274 185 2354 quamsi
208 2295 275 2338 una
296 2275 468 2358 proieceris
489 2273 550 2339 te.“
576 2273 700 2339 Deinde
723 2291 782 2338 1111.
803 2271 887 2339 Non.
910 2271 994 2337 Mar·

50 2359 113 2443 tias,
132 2356 196 2428 ὑπὸ
211 2357 275 2446 τὴν
291 2363 394 2446 λῆψιν
417 2385 516 2447 quum
537 2362 677 2428 breviter
699 2362 863 2446 scriberes,
884 2364 995 2426 tamen

51 2449 133 2529 ponis
155 2451 230 2516 hoc:
262 2473 355 2537 „eras
378 2452 516 2516 scribam
544 2453 639 2535 plura
661 2454 694 2516 et
717 2451 757 2515 ad
780 2451 902 2534 omnia3
932 2451 995 2516 hoc

51 2539 148 2602 temen
178 2539 297 2624 dicam,
332 2561 400 2605 non
430 2540 595 2624 poenitere
626 2561 678 2605 me
710 2540 836 2605 consilii
868 2539 907 2604 cle
938 2543 996 2604 tua

51 2627 219 2694 mansione:
243 2631 284 2712 et,
300 2649 495 2713 quamquem
508 2649 628 2714 magna
642 2629 865 2711 sollicitudine,
877 2631 996 2712 tamen,

51 2714 116 2794 qnia
136 2717 243 2780 minus
264 2717 343 2781 mali
364 2721 444 2801 puto
467 2738 536 2782 esse
551 2739 647 2801 quam
660 2718 696 2782 in
709 2718 766 2782 illa
786 2717 995 2802 proiectione,

10 2837 12 2842 ·
51 2820 154 2870 maneo
175 2806 212 2870 in
234 2807 396 2870 sententia
417 2808 450 2870 et
473 2805 597 2891 gaudeo
619 2809 652 2871 te
674 2805 858 2871 mansisse.“
890 2805 1022 2882 Quum⁹

51 2909 115 2956 vero
141 2893 205 2958 iam
233 2912 369 2980 angerer
397 2897 430 2958 et
455 2894 615 2976 timerem,
645 2916 687 2959 ne
715 2895 791 2978 quid
819 2917 838 2958 a
864 2915 915 2958 me
944 2895 995 2958 de·

51 2976 161 3046 decoris
184 2986 271 3047 esset
292 2982 481 3067 admissum,
509 3001 555 3047 111.
577 2980 691 3048 Nonas
718 2983 828 3048 Mart:
864 2986 997 3066 „tamen

50 3069 165 3135 tenen
192 3092 261 3136 esse
290 3093 356 3136 una
383 3093 456 3136 cum
478 3069 631 3156 Pompeio
658 3093 727 3137 non
756 3071 824 3135 fero
848 3071 995 3136 moleste:

51 3162 160 3242 postea,
182 3159 211 3224 si
233 3181 316 3244 opus
338 3158 445 3242 fuerit,
467 3181 534 3224 non
548 3159 610 3224 erit
632 3159 771 3242 difficile,
794 3161 827 3222 et
839 3158 896 3242 illi,
917 3180 995 3242 quo-

51 3262 105 3324 quo
125 3251 269 3332 tempore
291 3247 356 3331 fiet,
379 3249 441 3312 erit
458 3241 672 3331 deprecantem
694 3247 750 3311 sed
772 3246 835 3311 hoo
848 3247 895 3312 ita
910 3247 995 3312 dieo:

110 3403 159 3474 up.
180 3412 223 3474 ιο,
243 3411 266 3458 r.
285 3399 683 3472 auertaaqnm.).uauaam
700 3403 832 3475 narei.
851 3404 997 3460 acosma

50 3467 80 3538 b,
95 3472 124 3527 e.
160 3481 184 3531 e.
208 3475 299 3544 neae
315 3474 354 3530 n.
375 3477 462 3530 naa.
483 3475 558 3544 (u).
586 3474 634 3530 Au
651 3473 689 3529 n.
709 3473 834 3528 naara
852 3474 916 3529 na
949 3475 997 3530 Aa

50 3537 106 3597 Kal.
125 3545 213 3600 Mart.
232 3545 276 3614 R,
294 3546 388 3616 vulgo.
411 3546 459 3601 Ac
483 3545 535 3600 VI.
553 3545 620 3601 Kal.
641 3545 730 3601 Mart.
748 3545 770 3600 Ι.
789 3574 822 3585 -
841 3546 996 3600 moncione:

50 3614 154 3684 ΜΝ).
174 3633 220 3683 m,
239 3621 265 3670 et
281 3615 376 3687 vulgo.
