2608 3972
236 235 495 293 nrlsronancll
511 237 562 292 AD
579 235 747 292 ATTICUM
764 237 786 294 1.
806 243 918 292 10-12,
1017 235 1058 301 13

96 381 180 446 illud
189 384 282 446 tuum
292 381 461 447 arbitrium
471 384 504 446 et
513 403 559 466 ea,
569 401 650 466 quae
660 381 725 446 iam
734 386 813 467 tum,
826 402 925 466 quum
937 383 1059 466 aderas,

95 469 263 534 offendere
292 471 361 534 eius
389 470 533 534 animum
561 470 797 555 intelligebam,
823 474 933 535 tamen
959 470 1059 536 habet

95 557 254 642 quiddam
276 558 438 643 profecto,
461 556 546 642 quod
568 557 673 643 magis
695 559 731 624 in
754 559 861 624 animo
885 559 954 623 eius
975 559 1058 624 inse-

96 645 192 731 derit,
216 647 302 730 quod
325 667 430 730 neque
453 646 607 730 epistolae
621 649 697 711 tuae
719 667 825 730 neque
847 650 960 714 nostra
983 648 1058 714 alle-

96 735 189 820 gah'o
212 737 282 798 tam
313 737 422 820 potest
442 734 538 799 facile
561 733 680 820 delere,
712 755 809 820 quam
839 738 876 800 tu
905 755 1058 820 praesens

96 844 167 888 nou
198 823 297 888 modo
329 823 490 906 oratione,
521 823 578 888 sed
607 827 666 889 tuo
697 824 790 889 vultu
820 823 877 888 illo
907 823 1059 890 familiari

96 911 204 996 tofles,
228 911 257 975 si
278 911 375 976 modo
397 911 483 976 tanti
505 910 644 996 putabis,
666 912 700 976 id
716 911 812 996 quod,
834 911 862 976 si
875 933 926 977 me
949 913 1058 978 audiar

96 1003 132 1063 et
155 1000 184 1064 si
206 999 403 1065 humanitati
425 1002 502 1064 tuae
524 1003 673 1065 constare
691 1001 790 1084 voles,
811 1003 896 1065 certe
918 1000 1059 1084 putabis.

97 1087 163 1172 Ac,
189 1109 232 1152 ne
255 1087 337 1152 illud
359 1088 488 1172 mirere,
515 1109 585 1172 cur,
612 1110 713 1172 quum
735 1109 796 1174 ego
819 1092 916 1153 antea
938 1088 1059 1174 signifi-

96 1177 200 1240 carim
224 1176 285 1241 tibi
306 1197 366 1260 per
387 1176 512 1242 litteras
535 1197 586 1241 me
610 1197 738 1260 sperare
766 1177 859 1242 illum
886 1177 921 1241 in
947 1180 1060 1242 nostra

97 1267 264 1349 potestate
277 1263 357 1349 fore,
373 1285 462 1330 nunc
475 1265 561 1329 idem
574 1265 686 1330 videar
699 1264 851 1349 diffidere,
873 1265 1059 1330 incredibile

96 1356 158 1436 eat,
181 1355 306 1437 quanto
328 1353 409 1417 mihi
426 1353 574 1418 videatur
591 1354 678 1418 illius
696 1355 847 1419 voluutas
866 1352 1059 1419 obstinatior

98 1443 132 1506 et
144 1441 180 1505 in
194 1441 258 1506 hac
271 1441 439 1506 iracundia
452 1441 650 1526 affirmator,
664 1441 720 1507 sed
733 1440 814 1507 haec
828 1445 885 1506 aut
899 1441 1059 1508 sanabun-

96 1533 165 1614 tur,
179 1551 282 1614 quum
292 1531 428 1614 veneris,
447 1533 509 1604 aut
518 1531 548 1594 ei
561 1532 697 1595 molesta
710 1533 815 1614 arunt,
827 1531 863 1595 in
875 1534 949 1596 utro
964 1531 1059 1616 culpa
1072 1543 1087 1582 ¹

96 1619 169 1682 erit
197 1617 292 1693 Quod
306 1618 341 1682 in
355 1618 493 1703 epistola
504 1621 562 1684 tua
577 1619 731 1704 scriptum
745 1621 815 1684 erat
828 1639 879 1683 me
897 1619 963 1684 iam
976 1617 1059 1683 arbi·

97 1707 180 1771 trari
203 1706 410 1792 designatum
428 1727 507 1791 esse,
529 1708 610 1772 seito
624 1708 707 1774 nihil
719 1710 789 1772 tam
802 1707 976 1772 exercitum
989 1728 1069 1773 esse.

98 1816 187 1859 nunc
201 1793 326 1860 Romae
344 1817 443 1879 quam
460 1795 648 1862 candidatos
667 1795 817 1862 omuibus
834 1795 1059 1881 iniquitatibus

98 1905 169 1968 uec,
186 1883 319 1968 quando
332 1883 443 1949 futura
456 1884 523 1948 sint
536 1884 675 1967 comitia,
694 1885 782 1968 sciri3
800 1905 911 1950 verum
923 1884 985 1949 hoc
1004 1904 1059 1948 au-

99 1972 168 2036 dies
178 1972 220 2037 de
228 1971 451 2056 Philadelpho.
465 1971 514 2036 Tu
521 1972 626 2057 velim,
636 1993 717 2056 qnae
726 1972 920 2038 Academiae
928 1974 1059 2037 nostrae
1073 1983 1086 2023 ³

99 2061 234 2145 parasti,
247 2060 499 2145 quamprimum
512 2061 635 2124 mittas:
649 2061 729 2125 mire
739 2083 836 2145 quam
845 2081 893 2125 aec
901 2061 987 2126 illius
995 2061 1059 2125 loci

99 2171 169 2214 non
186 2147 284 2214 modo
298 2170 390 2232 usus,
410 2147 465 2212 sed
489 2149 586 2212 etiam
602 2149 757 2234 cogitatio
772 2149 917 2213 delectat
943 2147 1059 2213 Libros

100 2258 175 2302 uero
198 2241 276 2302 tuos
299 2257 375 2302 cave
403 2236 553 2320 cuiquam
575 2237 698 2320 tradas3
729 2236 824 2302 nobis
851 2256 920 2320 eos,
951 2256 1058 2321 quem·

100 2325 278 2391 admodum
314 2324 440 2409 scribis,
476 2345 644 2391 conserva:
676 2345 836 2389 summum
868 2345 919 2388 me
949 2345 1059 2390 corum

101 2414 245 2479 studium
271 2416 374 2496 tenet,
404 2413 487 2478 sicut
518 2414 628 2479 odium
654 2414 720 2478 iam
742 2416 921 2478 ceterarum
943 2433 1060 2496 rerum,

100 2524 180 2586 quas
203 2505 243 2566 tu
265 2499 453 2566 incredibile
476 2506 525 2566 est
539 2523 636 2586 quam
656 2501 748 2567 brevi
769 2503 914 2585 tempore
937 2505 1059 2586 quanto

99 2591 277 2656 deteriores
300 2589 481 2655 offensurus
504 2590 557 2674 sis,
580 2611 677 2674 quam
698 2589 865 2674 reliquisti.

548 2747 622 2813 XII.

231 2867 290 2924 Sor.
309 2867 415 2924 Romae
434 2865 568 2924 Kalendis
586 2868 723 2924 Ianuariis
742 2885 767 2922 a.
786 2886 812 2923 u.
832 2885 855 2924 c.
874 2875 935 2925 693.

375 2973 524 3031 GIOERO
541 2973 692 3029 ATTICO
710 2973 794 3030 SAL.

171 3083 312 3166 Τεῦκρις
333 3083 390 3150 illa
411 3084 537 3150 lentum
559 3105 636 3150 sane
659 3083 835 3168 negotium,
857 3105 961 3169 neque
982 3079 1085 3148 Gor-1

101 3173 207 3240 nelius
229 3171 272 3238 ad
294 3172 479 3238 Terentiam
500 3175 615 3257 postea
636 3173 743 3238 rediit:
766 3173 890 3257 opinor‚'
912 3171 954 3236 ad
977 3168 1059 3236 Con-

170 3293 226 3364 Ep.
247 3300 289 3362 11,
309 3300 333 3348 1.
343 3290 424 3349 ‘illac
441 3299 520 3348 turca
538 3293 690 3362 (Hermu).
709 3293 728 3348 i.
746 3309 826 3350 carun
844 3291 938 3361 vulgo.
958 3321 990 3330 -
1006 3307 1059 3360 pu

100 3365 174 3420 aeis
193 3367 241 3434 (m,
259 3365 298 3434 b).
329 3366 444 3433 putoria
461 3365 556 3433 Mar,
579 3367 657 3431 0xx.,
675 3363 707 3418 Β.
733 3393 766 3404 -
785 3381 827 3432 p„
844 3362 875 3416 id
892 3361 965 3430 quod
983 3361 1058 3430 (W.).

101 3452 129 3504 p.
146 3436 187 3502 id,
205 3452 230 3505 q.
249 3433 344 3505 vulgo
395 3441 420 3490 2.
439 3440 499 3490 erut
515 3451 556 3490 me
575 3434 649 3504 (W.).
669 3450 700 3500 a,
717 3449 758 3488 me
775 3433 869 3502 vulgo.
897 3461 931 3472 -
958 3437 1017 3486 erut
1035 3437 1059 3486 tc

102 3521 143 3561 me
160 3507 221 3576 (l.)?
240 3535 275 3546 -
292 3521 387 3560 naum
403 3507 453 3562 hoc
470 3524 496 3561 c.
517 3505 591 3574 (W.).
609 3521 634 3568 e.
653 3505 719 3560 haec
736 3503 830 3573 vulgo.
866 3507 892 3555 3.
919 3517 1001 3570 quam
1019 3517 1059 3554 me

103 3577 143 3632 all.
153 3575 223 3647 (Or.)
228 3589 262 3647 'a
272 3577 292 3632 i.
306 3575 402 3648 uulgo.
438 3573 794 3648 Ερ.12,1.ῃΤεῦκρις(Οτ.).
812 3571 924 3627 Teucria
934 3570 1058 3640 (vulgo)?
