2574 3966
226 227 486 284 EPISTOLARUM
506 229 557 285 AD
575 229 739 286 ATTICUM
756 231 817 286 XII.
837 237 885 286 6-
889 237 913 286 9.
981 230 1045 294 421

77 371 182 436 tern“
216 371 266 438 De
279 373 472 440 liberalitate
473 375 565 459 ,dixi
566 378 746 460 ,quantum
758 375 925 462 Publilius,
947 397 1047 461 quan-

76 465 160 526 tum
181 461 299 526 flamen
322 462 479 528 Lentulus
501 464 583 547 filio3
605 464 644 528 de
667 463 834 565 Hispania,
857 464 920 531 duo
945 465 1049 548 attuli,

78 549 228 632 primum
250 549 345 635 idem,
369 551 455 634 quod
475 552 545 636 tibi,
567 573 618 617 me
641 553 743 617 vereri
765 553 1048 636 vituperationem.

78 638 258 704 nonsatis
282 660 365 722 esse,
388 641 416 706 si
438 640 518 709 haee
542 663 632 706 arma
653 641 914 724 reliquissemus?
951 643 1050 706 etiam

80 726 274 792 contraria?
297 727 412 792 deinde
429 729 509 813 fore,
531 732 568 794 ut
582 733 763 814 angeretur,
786 752 885 814 quum
907 751 927 794 a
949 730 1049 795 fratre

80 815 309 880 familiaritate
323 820 356 880 et
371 817 459 882 omni
477 818 583 903 gratia
600 820 789 884 vinceretur.
804 817 928 884 *Velim
945 819 1049 903 magis

82 904 285 970 liberalitate
307 905 356 970 uti
378 927 450 971 mea
472 928 569 990 quam
592 929 651 972 sua
672 907 835 991 libertate3
862 907 918 971 sed
940 910 1050 971 tamen

82 994 232 1077 permisi,
254 993 315 1058 tibi
331 994 465 1060 enimin
466 995 650 1060 tellexeram
663 1017 732 1060 nou
754 996 851 1060 nimis
875 995 1050 1080 displicere.

84 1081 163 1168 Ego
196 1081 294 1147 etiam
327 1085 424 1166 atque
451 1083 549 1148 etiam
576 1084 726 1170 cogitabo
758 1088 866 1169 teque,
897 1087 935 1148 ut
965 1083 1051 1148 idem

84 1170 207 1256 facias,
231 1191 322 1256 rogo.
366 1169 488 1257 Magna
515 1195 566 1238 res
590 1177 651 1238 est:
683 1174 818 1258 simplex
841 1176 890 1237 est
912 1193 1051 1255 manere,

85 1259 170 1324 illud
199 1280 331 1344 anceps3
362 1282 474 1326 verum
504 1261 691 1327 videbimus
735 1261 784 1327 De
817 1260 919 1326 Balbo
952 1264 985 1326 et
1016 1261 1077 1325 ina

87 1347 247 1412 codicillis
271 1348 461 1440 seripseram
484 1351 556 1416 etit
557 1373 577 1414 a
590 1351 707 1436 cogito,
730 1351 826 1415 simul
848 1372 886 1415 aa
909 1349 1051 1433 redierit,

89 1437 143 1501 sin
165 1437 222 1502 ille
244 1431 377 1522 tardius
401 1459 460 1539 ego
483 1441 594 1516 tamen
615 1439 767 1526 triduum,
789 1441 831 1525 at,
854 1439 939 1577 quod
961 1459 1051 1523 prae·

88 1526 176 1609 terii,
197 1525 423 1591 Dolabellat
391 1528 488 1592 etiam
510 1549 644 1594 meeum.

528 1721 620 1788 Vlll.

254 1840 312 1898 Ser,
330 1841 450 1898 Asturae
467 1859 563 1900 mense
581 1843 683 1900 Martio
701 1861 726 1901 a.
745 1863 772 1899 ιι.
791 1862 814 1899 o.
834 1850 894 1900 709.

370 1947 519 2006 CICERO
535 1950 687 2006 ATTICO
704 1949 788 2006 SAL.

160 2055 212 2122 De
226 2054 388 2142 Cicerone,
406 2059 517 2123 multis
529 2079 581 2123 res
594 2058 709 2143 placet,
723 2079 829 2124 eomes
843 2060 894 2123 est
905 2057 1055 2158 idoneus3

93 2145 152 2210 sed
176 2145 215 2210 de
236 2146 341 2232 prima
362 2147 518 2231 pensione
542 2151 616 2212 ante
639 2146 819 2231 videamus,
850 2145 943 2210 adest
969 2147 1055 2210 enim

94 2233 165 2298 dies
201 2235 234 2298 et
266 2234 320 2300 ille
352 2235 461 2299 currit.
510 2233 633 2320 Scribe,
665 2255 797 2319 quaeso,
828 2234 906 2386 quid
936 2234 1057 2299 referat

95 2320 189 2386 Celer
213 2322 315 2408 egisse
339 2319 509 2388 Caesarem
531 2343 604 2388 eum
631 2323 877 2407 candidatis,u
878 2327 965 2387 trum
987 2324 1055 2475 ipse

94 2411 131 2474 in
154 2407 413 2476 Foenieularium
441 2433 484 2476 an
510 2411 546 2476 in
567 2411 721 2477 Martium
747 2433 897 2497 eampum
927 2412 1056 2497 cogitet

94 2497 142 2563 Et
165 2498 245 2563 seire
269 2521 346 2564 sana
372 2499 483 2584 velim,
513 2500 669 2585 numquid
696 2521 824 2566 neeesse
853 2500 896 2564 sit
917 2500 1056 2566 comitiis

95 2607 168 2652 esse
195 2585 331 2671 Romae;
358 2609 436 2652 nam
462 2591 496 2654 et
521 2586 621 2654 Piliae
650 2592 700 2654 sat
685 2588 993 2656 tisfaoiendumt
943 2593 993 2655 est

95 2675 211 2760 utique
231 2673 368 2742 Atticae.

547 2869 605 2937 IX.

210 2987 267 3045 Sor.
286 2989 316 3046 in
333 2990 445 3047 Antiati
461 3009 556 3048 mense
576 2992 734 3064 Septembri
752 3008 778 3047 a.
796 3010 823 3047 ιι.
843 3008 865 3046 o.
887 2996 946 3046 708.

372 3095 520 3152 CICERO
537 3097 689 3153 ATTICO
706 3097 790 3154 SAL.

164 3202 216 3270 Ne
249 3225 310 3306 ego
343 3226 445 3270 essem
475 3205 529 3270 hio
560 3207 698 3271 libenter
729 3207 825 3288 atque
854 3204 888 3269 id
916 3204 1058 3289 qnotidie

98 3291 218 3379 magis,
249 3294 285 3358 ni
311 3297 396 3358 esset
422 3315 460 3358 ea
487 3315 597 3380 eausa,
628 3316 725 3379 quam
752 3293 812 3357 tibi
840 3293 1057 3377 superioribus

168 3430 222 3502 Ep.
234 3437 292 3499 7,.1
310 3432 381 3486 aiae.
405 3431 490 3486 Velim
503 3433 590 3502 anapia
609 3433 693 3500 (lae)
713 3432 889 3486 uaelimma
901 3431 961 3487 Ml.
979 3432 1058 3486 asel

100 3502 268 3570 nimiam,
287 3501 333 3570 R
349 3502 416 3557 Oxx.
419 3503 493 3574 ,Ch
525 3520 560 3570 ιι,
584 3504 711 3558 velletis,
731 3502 777 3558 Or.
796 3502 876 3573 conj,
894 3501 924 3556 Β.
961 3501 1013 3573 Ep
1032 3509 1056 3557 8.

99 3573 228 3664 soeniealf
246 3573 340 3643 vulgo.
359 3573 413 3642 fea.
432 3573 507 3630 ΜΒ.
