<?xml version="1.0" encoding="UTF-8"?>
<!DOCTYPE html PUBLIC "-//W3C//DTD XHTML 1.0 Transitional//EN"
    "http://www.w3.org/TR/xhtml1/DTD/xhtml1-transitional.dtd">
<html xmlns="http://www.w3.org/1999/xhtml" xml:lang="en" lang="en">
 <head>
  <title>
</title>
<meta http-equiv="Content-Type" content="text/html;charset=utf-8" />
  <meta name='ocr-system' content='tesseract 3.04.00' />
  <meta name='ocr-capabilities' content='ocr_page ocr_carea ocr_par ocr_line ocrx_word'/>
</head>
<body>
  <div class='ocr_page' id='page_1' title='image "./epistolae01wesegoog_0211.png"; bbox 0 0 2522 3960; ppageno 0'>
   <div class='ocr_carea' id='block_1_1' title="bbox 200 230 1008 297">
    <p class='ocr_par' dir='ltr' id='par_1_1' title="bbox 200 230 1008 297">
     <span class='ocr_line' id='line_1_1' title="bbox 200 230 1008 297; baseline 0.015 -11"><span class='ocrx_word' id='word_1_1' title='bbox 200 230 458 288; x_wconf 78' lang='lat' dir='ltr'><strong>EPISTULARUM</strong></span> <span class='ocrx_word' id='word_1_2' title='bbox 475 233 524 286; x_wconf 88' lang='lat' dir='ltr'><strong>AD</strong></span> <span class='ocrx_word' id='word_1_3' title='bbox 543 232 710 288; x_wconf 79' lang='lat' dir='ltr'>ATTICUM</span> <span class='ocrx_word' id='word_1_4' title='bbox 729 233 777 289; x_wconf 89' lang='lat' dir='ltr'><strong>VI.</strong></span> <span class='ocrx_word' id='word_1_5' title='bbox 797 241 821 288; x_wconf 89' lang='lat'><strong>1.</strong></span> <span class='ocrx_word' id='word_1_6' title='bbox 841 239 865 290; x_wconf 79' lang='lat'><strong>2.</strong></span> <span class='ocrx_word' id='word_1_7' title='bbox 943 232 1008 297; x_wconf 80' lang='grc'><strong>201</strong></span> 
     </span>
    </p>
   </div>
   <div class='ocr_carea' id='block_1_2' title="bbox 66 379 1052 1962">
    <p class='ocr_par' dir='ltr' id='par_1_2' title="bbox 66 379 1052 1962">
     <span class='ocr_line' id='line_1_2' title="bbox 69 379 1009 464; baseline 0.003 -23"><span class='ocrx_word' id='word_1_8' title='bbox 69 397 184 442; x_wconf 71' lang='lat' dir='ltr'><strong>amessa</strong></span> <span class='ocrx_word' id='word_1_9' title='bbox 205 382 268 462; x_wconf 80' lang='lat' dir='ltr'><strong>est3</strong></span> <span class='ocrx_word' id='word_1_10' title='bbox 302 381 374 442; x_wconf 85' lang='lat' dir='ltr'><strong>erat</strong></span> <span class='ocrx_word' id='word_1_11' title='bbox 396 381 561 462; x_wconf 84' lang='lat' dir='ltr'><strong>praeterea</strong></span> <span class='ocrx_word' id='word_1_12' title='bbox 583 379 818 464; x_wconf 80' lang='lat' dir='ltr'><strong>eynoeephalus</strong></span> <span class='ocrx_word' id='word_1_13' title='bbox 840 379 876 444; x_wconf 89' lang='lat' dir='ltr'><strong>in</strong></span> <span class='ocrx_word' id='word_1_14' title='bbox 898 379 1009 444; x_wconf 87' lang='lat' dir='ltr'><strong>essedo</strong></span> 
     </span>
     <span class='ocr_line' id='line_1_3' title="bbox 68 465 1009 552; baseline 0.004 -23"><span class='ocrx_word' id='word_1_15' title='bbox 68 484 120 530; x_wconf 86' lang='lat' dir='ltr'><strong>nce</strong></span> <span class='ocrx_word' id='word_1_16' title='bbox 145 465 273 532; x_wconf 78' lang='lat' dir='ltr'><strong>deerant</strong></span> <span class='ocrx_word' id='word_1_17' title='bbox 306 467 436 552; x_wconf 85' lang='lat' dir='ltr'><strong>onagri:</strong></span> <span class='ocrx_word' id='word_1_18' title='bbox 471 487 647 550; x_wconf 82' lang='lat' dir='ltr'><strong>numquam</strong></span> <span class='ocrx_word' id='word_1_19' title='bbox 674 467 739 533; x_wconf 84' lang='lat' dir='ltr'><strong>vidi</strong></span> <span class='ocrx_word' id='word_1_20' title='bbox 764 467 928 532; x_wconf 87' lang='lat' dir='ltr'><strong>hominem</strong></span> <span class='ocrx_word' id='word_1_21' title='bbox 954 489 1009 534; x_wconf 90' lang='lat' dir='ltr'><strong>ne·</strong></span> 
     </span>
     <span class='ocr_line' id='line_1_4' title="bbox 69 552 1009 635; baseline 0.004 -19"><span class='ocrx_word' id='word_1_22' title='bbox 69 553 206 635; x_wconf 88' lang='lat' dir='ltr'><strong>quiorem.</strong></span> <span class='ocrx_word' id='word_1_23' title='bbox 242 552 305 618; x_wconf 78' lang='lat' dir='ltr'><strong>Sed</strong></span> <span class='ocrx_word' id='word_1_24' title='bbox 328 559 504 618; x_wconf 87' lang='lat' dir='ltr'><strong>extremum</strong></span> <span class='ocrx_word' id='word_1_25' title='bbox 527 555 615 619; x_wconf 88' lang='lat' dir='ltr'><strong>audi:</strong></span> <span class='ocrx_word' id='word_1_26' title='bbox 638 554 833 620; x_wconf 77' lang='lat' dir='ltr'><strong>Deversatus</strong></span> <span class='ocrx_word' id='word_1_27' title='bbox 856 560 906 620; x_wconf 86' lang='lat' dir='ltr'><strong>eat</strong></span> <span class='ocrx_word' id='word_1_28' title='bbox 928 555 1009 620; x_wconf 90' lang='lat' dir='ltr'><strong>Lao·</strong></span> 
     </span>
     <span class='ocr_line' id='line_1_5' title="bbox 68 640 1010 728; baseline 0.004 -24"><span class='ocrx_word' id='word_1_29' title='bbox 68 640 162 705; x_wconf 83' lang='lat' dir='ltr'><strong>diceas</strong></span> <span class='ocrx_word' id='word_1_30' title='bbox 184 643 269 725; x_wconf 88' lang='lat' dir='ltr'><strong>apud</strong></span> <span class='ocrx_word' id='word_1_31' title='bbox 285 640 475 727; x_wconf 90' lang='lat' dir='ltr'><strong>Pompeium</strong></span> <span class='ocrx_word' id='word_1_32' title='bbox 488 641 692 726; x_wconf 80' lang='lat' dir='ltr'><strong>Vindullum3</strong></span> <span class='ocrx_word' id='word_1_33' title='bbox 713 643 759 707; x_wconf 89' lang='lat' dir='ltr'><strong>ibi</strong></span> <span class='ocrx_word' id='word_1_34' title='bbox 782 665 840 708; x_wconf 86' lang='lat' dir='ltr'><strong>sua</strong></span> <span class='ocrx_word' id='word_1_35' title='bbox 854 643 1010 728; x_wconf 83' lang='lat' dir='ltr'><strong>deposuit,</strong></span> 
     </span>
     <span class='ocr_line' id='line_1_6' title="bbox 68 730 1009 814; baseline 0.005 -22"><span class='ocrx_word' id='word_1_36' title='bbox 68 749 154 810; x_wconf 87' lang='lat' dir='ltr'><strong>quum</strong></span> <span class='ocrx_word' id='word_1_37' title='bbox 175 730 217 794; x_wconf 89' lang='lat' dir='ltr'><strong>ad</strong></span> <span class='ocrx_word' id='word_1_38' title='bbox 239 751 291 794; x_wconf 92' lang='lat' dir='ltr'><strong>me</strong></span> <span class='ocrx_word' id='word_1_39' title='bbox 320 730 483 814; x_wconf 86' lang='lat' dir='ltr'><strong>profectus</strong></span> <span class='ocrx_word' id='word_1_40' title='bbox 510 734 567 795; x_wconf 87' lang='lat' dir='ltr'><strong>est.</strong></span> <span class='ocrx_word' id='word_1_41' title='bbox 610 730 749 796; x_wconf 81' lang='lat' dir='ltr'>Moritur</span> <span class='ocrx_word' id='word_1_42' title='bbox 774 731 904 796; x_wconf 77' lang='lat' dir='ltr'><strong>interim</strong></span> <span class='ocrx_word' id='word_1_43' title='bbox 930 730 1009 797; x_wconf 91' lang='lat' dir='ltr'><strong>Vin·</strong></span> 
     </span>
     <span class='ocr_line' id='line_1_7' title="bbox 67 816 1011 904; baseline 0.004 -24"><span class='ocrx_word' id='word_1_44' title='bbox 67 816 168 882; x_wconf 85' lang='lat' dir='ltr'><strong>dullus.</strong></span> <span class='ocrx_word' id='word_1_45' title='bbox 206 816 300 894; x_wconf 83' lang='lat' dir='ltr'><strong>Quod</strong></span> <span class='ocrx_word' id='word_1_46' title='bbox 322 841 373 884; x_wconf 86' lang='lat' dir='ltr'><strong>ree</strong></span> <span class='ocrx_word' id='word_1_47' title='bbox 396 818 436 882; x_wconf 93' lang='lat' dir='ltr'><strong>ad</strong></span> <span class='ocrx_word' id='word_1_48' title='bbox 459 817 617 904; x_wconf 87' lang='lat' dir='ltr'><strong>Magnum</strong></span> <span class='ocrx_word' id='word_1_49' title='bbox 639 818 828 904; x_wconf 89' lang='lat' dir='ltr'><strong>Pompeium</strong></span> <span class='ocrx_word' id='word_1_50' title='bbox 850 820 1011 903; x_wconf 83' lang='lat' dir='ltr'><strong>pertinere</strong></span> 
     </span>
     <span class='ocr_line' id='line_1_8' title="bbox 66 903 1011 991; baseline 0.003 -22"><span class='ocrx_word' id='word_1_51' title='bbox 66 905 242 990; x_wconf 86' lang='lat' dir='ltr'><strong>putabatur,</strong></span> <span class='ocrx_word' id='word_1_52' title='bbox 279 903 314 972; x_wconf 83' lang='lat' dir='ltr'><strong>O.</strong></span> <span class='ocrx_word' id='word_1_53' title='bbox 345 905 537 973; x_wconf 83' lang='lat' dir='ltr'><strong>Vennonius</strong></span> <span class='ocrx_word' id='word_1_54' title='bbox 569 907 700 973; x_wconf 89' lang='lat' dir='ltr'><strong>domum</strong></span> <span class='ocrx_word' id='word_1_55' title='bbox 731 906 878 973; x_wconf 87' lang='lat' dir='ltr'><strong>Vindulli</strong></span> <span class='ocrx_word' id='word_1_56' title='bbox 900 907 1011 991; x_wconf 85' lang='lat' dir='ltr'><strong>·venit;</strong></span> 
     </span>
     <span class='ocr_line' id='line_1_9' title="bbox 66 993 1010 1080; baseline 0.002 -22"><span class='ocrx_word' id='word_1_57' title='bbox 66 1014 153 1075; x_wconf 90' lang='lat' dir='ltr'><strong>quum</strong></span> <span class='ocrx_word' id='word_1_58' title='bbox 182 993 292 1059; x_wconf 89' lang='lat' dir='ltr'><strong>omnia</strong></span> <span class='ocrx_word' id='word_1_59' title='bbox 319 995 519 1080; x_wconf 81' lang='lat' dir='ltr'><strong>obsignaret,</strong></span> <span class='ocrx_word' id='word_1_60' title='bbox 550 995 585 1060; x_wconf 90' lang='lat' dir='ltr'><strong>in</strong></span> <span class='ocrx_word' id='word_1_61' title='bbox 611 994 775 1061; x_wconf 79' lang='lat' dir='ltr'><strong>Vedianas</strong></span> <span class='ocrx_word' id='word_1_62' title='bbox 804 1018 856 1060; x_wconf 85' lang='lat' dir='ltr'><strong>res</strong></span> <span class='ocrx_word' id='word_1_63' title='bbox 883 995 1010 1060; x_wconf 79' lang='lat' dir='ltr'><strong>incidit:</strong></span> 
     </span>
     <span class='ocr_line' id='line_1_10' title="bbox 66 1081 1011 1169; baseline 0.004 -25"><span class='ocrx_word' id='word_1_64' title='bbox 66 1081 94 1144; x_wconf 89' lang='lat' dir='ltr'><strong>in</strong></span> <span class='ocrx_word' id='word_1_65' title='bbox 118 1081 168 1147; x_wconf 89' lang='lat' dir='ltr'><strong>hi</strong></span> <span class='ocrx_word' id='word_1_66' title='bbox 194 1083 346 1157; x_wconf 78' lang='lat' dir='ltr'><strong>inventae</strong></span> <span class='ocrx_word' id='word_1_67' title='bbox 375 1087 452 1148; x_wconf 89' lang='lat' dir='ltr'><strong>sunt</strong></span> <span class='ocrx_word' id='word_1_68' title='bbox 479 1084 619 1167; x_wconf 91' lang='lat' dir='ltr'><strong>quinque</strong></span> <span class='ocrx_word' id='word_1_69' title='bbox 646 1085 871 1169; x_wconf 77' lang='lat' dir='ltr'><strong>imagunculae</strong></span> <span class='ocrx_word' id='word_1_70' title='bbox 893 1087 1011 1148; x_wconf 88' lang='lat' dir='ltr'><strong>matro-</strong></span> 
     </span>
     <span class='ocr_line' id='line_1_11' title="bbox 66 1171 1011 1256; baseline 0.003 -23"><span class='ocrx_word' id='word_1_71' title='bbox 66 1190 181 1253; x_wconf 90' lang='lat' dir='ltr'><strong>narum,</strong></span> <span class='ocrx_word' id='word_1_72' title='bbox 212 1171 248 1234; x_wconf 93' lang='lat' dir='ltr'><strong>in</strong></span> <span class='ocrx_word' id='word_1_73' title='bbox 277 1171 393 1254; x_wconf 88' lang='lat' dir='ltr'><strong>qui-bus</strong></span> <span class='ocrx_word' id='word_1_74' title='bbox 419 1193 486 1236; x_wconf 89' lang='lat' dir='ltr'><strong>una</strong></span> <span class='ocrx_word' id='word_1_75' title='bbox 512 1171 632 1237; x_wconf 88' lang='lat' dir='ltr'><strong>sororis</strong></span> <span class='ocrx_word' id='word_1_76' title='bbox 658 1173 753 1237; x_wconf 89' lang='lat' dir='ltr'><strong>amici</strong></span> <span class='ocrx_word' id='word_1_77' title='bbox 779 1171 841 1256; x_wconf 87' lang='lat' dir='ltr'><strong>tui,</strong></span> <span class='ocrx_word' id='word_1_78' title='bbox 871 1171 1011 1237; x_wconf 88' lang='lat' dir='ltr'><strong>hominis</strong></span> 
     </span>
     <span class='ocr_line' id='line_1_12' title="bbox 66 1257 1012 1346; baseline 0.003 -25"><span class='ocrx_word' id='word_1_79' title='bbox 66 1257 186 1342; x_wconf 82' lang='lat' dir='ltr'><strong>„bruti‚“</strong></span> <span class='ocrx_word' id='word_1_80' title='bbox 208 1259 264 1342; x_wconf 91' lang='lat' dir='ltr'><strong>qui</strong></span> <span class='ocrx_word' id='word_1_81' title='bbox 286 1259 348 1324; x_wconf 90' lang='lat' dir='ltr'><strong>hoc</strong></span> <span class='ocrx_word' id='word_1_82' title='bbox 370 1263 490 1344; x_wconf 86' lang='lat' dir='ltr'><strong>utatur,</strong></span> <span class='ocrx_word' id='word_1_83' title='bbox 513 1264 545 1324; x_wconf 89' lang='lat' dir='ltr'><strong>et</strong></span> <span class='ocrx_word' id='word_1_84' title='bbox 562 1261 670 1326; x_wconf 75' lang='lat' dir='ltr'><strong>acoris</strong></span> <span class='ocrx_word' id='word_1_85' title='bbox 684 1261 770 1325; x_wconf 87' lang='lat' dir='ltr'><strong>illius</strong></span> <span class='ocrx_word' id='word_1_86' title='bbox 792 1257 935 1346; x_wconf 58' lang='lat' dir='ltr'><strong>„lepidif‘</strong></span> <span class='ocrx_word' id='word_1_87' title='bbox 957 1259 1012 1343; x_wconf 89' lang='lat' dir='ltr'><strong>qui</strong></span> 
     </span>
     <span class='ocr_line' id='line_1_13' title="bbox 66 1343 1013 1434; baseline 0.003 -25"><span class='ocrx_word' id='word_1_88' title='bbox 66 1343 135 1410; x_wconf 85' lang='lat' dir='ltr'><strong>haec</strong></span> <span class='ocrx_word' id='word_1_89' title='bbox 159 1351 228 1412; x_wconf 83' lang='lat' dir='ltr'><strong>tam</strong></span> <span class='ocrx_word' id='word_1_90' title='bbox 255 1348 459 1434; x_wconf 73' lang='lat' dir='ltr'><strong>negligenter</strong></span> <span class='ocrx_word' id='word_1_91' title='bbox 486 1347 578 1412; x_wconf 87' lang='lat' dir='ltr'><strong>ferat.</strong></span> <span class='ocrx_word' id='word_1_92' title='bbox 627 1347 717 1414; x_wconf 90' lang='lat' dir='ltr'><strong>Haec</strong></span> <span class='ocrx_word' id='word_1_93' title='bbox 743 1353 775 1413; x_wconf 85' lang='lat' dir='ltr'><strong>te</strong></span> <span class='ocrx_word' id='word_1_94' title='bbox 803 1348 892 1414; x_wconf 85' lang='lat' dir='ltr'><strong>volui</strong></span> <span class='ocrx_word' id='word_1_95' title='bbox 917 1368 1013 1431; x_wconf 78' lang='grc' dir='ltr'><strong><em>παρι-</em></strong></span> 
     </span>
     <span class='ocr_line' id='line_1_14' title="bbox 67 1433 1052 1518; baseline -0.001 -21"><span class='ocrx_word' id='word_1_96' title='bbox 67 1433 230 1518; x_wconf 78' lang='grc' dir='ltr'><strong><em>στορῆσαι,</em></strong></span> <span class='ocrx_word' id='word_1_97' title='bbox 260 1458 371 1501; x_wconf 86' lang='lat' dir='ltr'><strong>sumus</strong></span> <span class='ocrx_word' id='word_1_98' title='bbox 393 1436 480 1502; x_wconf 87' lang='lat' dir='ltr'><strong>enim</strong></span> <span class='ocrx_word' id='word_1_99' title='bbox 503 1436 597 1502; x_wconf 87' lang='lat' dir='ltr'><strong>ambo</strong></span> <span class='ocrx_word' id='word_1_100' title='bbox 625 1437 707 1502; x_wconf 90' lang='lat' dir='ltr'><strong>belle</strong></span> <span class='ocrx_word' id='word_1_101' title='bbox 731 1437 856 1502; x_wconf 88' lang='lat' dir='ltr'><strong>curiosi.</strong></span> <span class='ocrx_word' id='word_1_102' title='bbox 901 1435 1012 1502; x_wconf 92' lang='lat' dir='ltr'><strong>Unum</strong></span> <span class='ocrx_word' id='word_1_103' title='bbox 1026 1455 1052 1496; x_wconf 84' lang='lat' dir='ltr'><strong>se</strong></span> 
     </span>
     <span class='ocr_line' id='line_1_15' title="bbox 68 1521 1012 1610; baseline 0.006 -26"><span class='ocrx_word' id='word_1_104' title='bbox 68 1522 154 1588; x_wconf 84' lang='lat' dir='ltr'><strong>etiam</strong></span> <span class='ocrx_word' id='word_1_105' title='bbox 175 1523 272 1588; x_wconf 87' lang='lat' dir='ltr'><strong>velim</strong></span> <span class='ocrx_word' id='word_1_106' title='bbox 286 1525 417 1609; x_wconf 83' lang='lat' dir='ltr'><strong>cogites.</strong></span> <span class='ocrx_word' id='word_1_107' title='bbox 453 1523 561 1590; x_wconf 87' lang='lat' dir='ltr'><strong>Audio</strong></span> <span class='ocrx_word' id='word_1_108' title='bbox 574 1523 718 1610; x_wconf 85' lang='lat' dir='ltr'><strong>Appium</strong></span> <span class='ocrx_word' id='word_1_109' title='bbox 731 1521 904 1609; x_wconf 77' lang='grc' dir='ltr'><strong><em>πρόπυλον</em></strong></span> <span class='ocrx_word' id='word_1_110' title='bbox 916 1523 1012 1590; x_wconf 80' lang='lat' dir='ltr'><strong>Eleu·</strong></span> 
     </span>
     <span class='ocr_line' id='line_1_16' title="bbox 69 1609 1012 1698; baseline 0.006 -26"><span class='ocrx_word' id='word_1_111' title='bbox 69 1609 128 1676; x_wconf 85' lang='lat' dir='ltr'><strong>sine</strong></span> <span class='ocrx_word' id='word_1_112' title='bbox 152 1611 273 1677; x_wconf 84' lang='lat' dir='ltr'><strong>facere:</strong></span> <span class='ocrx_word' id='word_1_113' title='bbox 306 1635 384 1677; x_wconf 91' lang='lat' dir='ltr'><strong>num</strong></span> <span class='ocrx_word' id='word_1_114' title='bbox 410 1613 514 1698; x_wconf 83' lang='lat' dir='ltr'><strong>inepti</strong></span> <span class='ocrx_word' id='word_1_115' title='bbox 544 1613 712 1697; x_wconf 82' lang='lat' dir='ltr'><strong>fuerimus,</strong></span> <span class='ocrx_word' id='word_1_116' title='bbox 743 1614 772 1678; x_wconf 87' lang='lat' dir='ltr'><strong>si</strong></span> <span class='ocrx_word' id='word_1_117' title='bbox 798 1634 858 1678; x_wconf 92' lang='lat' dir='ltr'><strong>nos</strong></span> <span class='ocrx_word' id='word_1_118' title='bbox 886 1633 1012 1697; x_wconf 87' lang='lat' dir='ltr'><strong>quoque</strong></span> 
     </span>
     <span class='ocr_line' id='line_1_17' title="bbox 69 1695 1013 1786; baseline 0.004 -26"><span class='ocrx_word' id='word_1_119' title='bbox 69 1695 248 1764; x_wconf 79' lang='lat' dir='ltr'><strong>Academiae</strong></span> <span class='ocrx_word' id='word_1_120' title='bbox 277 1700 470 1766; x_wconf 79' lang='lat' dir='ltr'><strong>fecerimus?</strong></span> <span class='ocrx_word' id='word_1_121' title='bbox 514 1700 656 1786; x_wconf 82' lang='lat' dir='ltr'><strong>„Puto‚“</strong></span> <span class='ocrx_word' id='word_1_122' title='bbox 683 1701 819 1785; x_wconf 83' lang='lat' dir='ltr'><strong>inquies.</strong></span> <span class='ocrx_word' id='word_1_123' title='bbox 862 1699 952 1786; x_wconf 77' lang='lat' dir='ltr'><strong>Ergo</strong></span> <span class='ocrx_word' id='word_1_124' title='bbox 979 1700 1013 1765; x_wconf 92' lang='lat' dir='ltr'><strong>id</strong></span> 
     </span>
     <span class='ocr_line' id='line_1_18' title="bbox 70 1785 1012 1874; baseline 0.007 -27"><span class='ocrx_word' id='word_1_125' title='bbox 70 1785 161 1867; x_wconf 85' lang='lat' dir='ltr'><strong>ipsum</strong></span> <span class='ocrx_word' id='word_1_126' title='bbox 183 1787 304 1852; x_wconf 86' lang='lat' dir='ltr'><strong>scribes</strong></span> <span class='ocrx_word' id='word_1_127' title='bbox 328 1789 368 1853; x_wconf 87' lang='lat' dir='ltr'><strong>ad</strong></span> <span class='ocrx_word' id='word_1_128' title='bbox 390 1811 457 1854; x_wconf 86' lang='lat' dir='ltr'><strong>me:</strong></span> <span class='ocrx_word' id='word_1_129' title='bbox 481 1789 627 1874; x_wconf 88' lang='lat' dir='ltr'><strong>equidem</strong></span> <span class='ocrx_word' id='word_1_130' title='bbox 649 1790 742 1854; x_wconf 80' lang='lat' dir='ltr'><strong>valde</strong></span> <span class='ocrx_word' id='word_1_131' title='bbox 763 1789 851 1874; x_wconf 87' lang='lat' dir='ltr'><strong>ipsas</strong></span> <span class='ocrx_word' id='word_1_132' title='bbox 864 1787 1012 1854; x_wconf 80' lang='lat' dir='ltr'><strong>Athenas</strong></span> 
     </span>
     <span class='ocr_line' id='line_1_19' title="bbox 71 1877 1013 1962; baseline 0.005 -25"><span class='ocrx_word' id='word_1_133' title='bbox 71 1893 145 1958; x_wconf 72' lang='lat' dir='ltr'><strong>cmm</strong></span> <span class='ocrx_word' id='word_1_134' title='bbox 175 1877 249 1941; x_wconf 82' lang='lat' dir='ltr'><strong>volo</strong></span> <span class='ocrx_word' id='word_1_135' title='bbox 275 1897 345 1942; x_wconf 81' lang='lat' dir='ltr'><strong>ease</strong></span> <span class='ocrx_word' id='word_1_136' title='bbox 378 1877 508 1961; x_wconf 88' lang='lat' dir='ltr'><strong>aliquod</strong></span> <span class='ocrx_word' id='word_1_137' title='bbox 539 1881 797 1962; x_wconf 88' lang='lat' dir='ltr'><strong>monumentum,</strong></span> <span class='ocrx_word' id='word_1_138' title='bbox 829 1877 883 1943; x_wconf 92' lang='lat' dir='ltr'><strong>odi</strong></span> <span class='ocrx_word' id='word_1_139' title='bbox 913 1877 1013 1942; x_wconf 85' lang='lat' dir='ltr'><strong>falsas</strong></span> 
     </span>
    </p>
   </div>
   <div class='ocr_carea' id='block_1_3' title="bbox 71 1959 1014 2402">
    <p class='ocr_par' dir='ltr' id='par_1_3' title="bbox 71 1959 1014 2402">
     <span class='ocr_line' id='line_1_20' title="bbox 71 1959 1014 2050; baseline 0.006 -26"><span class='ocrx_word' id='word_1_140' title='bbox 71 1959 282 2048; x_wconf 85' lang='lat' dir='ltr'><strong>inscriptiones</strong></span> <span class='ocrx_word' id='word_1_141' title='bbox 319 1969 499 2030; x_wconf 83' lang='lat' dir='ltr'><strong>statuarum</strong></span> <span class='ocrx_word' id='word_1_142' title='bbox 535 1966 719 2030; x_wconf 89' lang='lat' dir='ltr'><strong>alienarum.</strong></span> <span class='ocrx_word' id='word_1_143' title='bbox 770 1964 845 2050; x_wconf 82' lang='lat' dir='ltr'><strong>Sed,</strong></span> <span class='ocrx_word' id='word_1_144' title='bbox 881 1968 918 2029; x_wconf 85' lang='lat' dir='ltr'><strong>ut</strong></span> <span class='ocrx_word' id='word_1_145' title='bbox 953 1965 1014 2030; x_wconf 87' lang='lat' dir='ltr'><strong>tibi</strong></span> 
     </span>
     <span class='ocr_line' id='line_1_21' title="bbox 72 2049 1013 2138; baseline 0.006 -26"><span class='ocrx_word' id='word_1_146' title='bbox 72 2049 208 2136; x_wconf 85' lang='lat' dir='ltr'><strong>placebit,</strong></span> <span class='ocrx_word' id='word_1_147' title='bbox 235 2051 397 2136; x_wconf 77' lang='lat' dir='ltr'><strong>faciesque</strong></span> <span class='ocrx_word' id='word_1_148' title='bbox 419 2075 484 2137; x_wconf 88' lang='lat' dir='ltr'><strong>me,</strong></span> <span class='ocrx_word' id='word_1_149' title='bbox 512 2054 548 2118; x_wconf 89' lang='lat' dir='ltr'><strong>in</strong></span> <span class='ocrx_word' id='word_1_150' title='bbox 571 2075 666 2138; x_wconf 91' lang='lat' dir='ltr'><strong>quem</strong></span> <span class='ocrx_word' id='word_1_151' title='bbox 688 2053 773 2118; x_wconf 89' lang='lat' dir='ltr'><strong>diem</strong></span> <span class='ocrx_word' id='word_1_152' title='bbox 795 2053 943 2119; x_wconf 86' lang='lat' dir='ltr'><strong>Romana</strong></span> <span class='ocrx_word' id='word_1_153' title='bbox 965 2053 1013 2118; x_wconf 90' lang='lat' dir='ltr'><strong>in·</strong></span> 
     </span>
     <span class='ocr_line' id='line_1_22' title="bbox 73 2137 1013 2225; baseline 0.003 -24"><span class='ocrx_word' id='word_1_154' title='bbox 73 2137 166 2204; x_wconf 88' lang='lat' dir='ltr'><strong>cidant</strong></span> <span class='ocrx_word' id='word_1_155' title='bbox 190 2142 359 2225; x_wconf 79' lang='lat' dir='ltr'><strong>mysteria,</strong></span> <span class='ocrx_word' id='word_1_156' title='bbox 399 2142 567 2207; x_wconf 81' lang='lat' dir='ltr'><strong>certiorem</strong></span> <span class='ocrx_word' id='word_1_157' title='bbox 598 2147 632 2206; x_wconf 88' lang='lat' dir='ltr'><strong>et</strong></span> <span class='ocrx_word' id='word_1_158' title='bbox 663 2141 823 2225; x_wconf 88' lang='lat' dir='ltr'><strong>quomodo</strong></span> <span class='ocrx_word' id='word_1_159' title='bbox 852 2140 1013 2205; x_wconf 85' lang='lat' dir='ltr'><strong>hiemaris.</strong></span> 
     </span>
     <span class='ocr_line' id='line_1_23' title="bbox 73 2221 1012 2314; baseline 0.003 -25"><span class='ocrx_word' id='word_1_160' title='bbox 73 2221 151 2311; x_wconf 74' lang='lat' dir='ltr'><strong>Oura,</strong></span> <span class='ocrx_word' id='word_1_161' title='bbox 170 2231 207 2294; x_wconf 85' lang='lat' dir='ltr'><strong>ut</strong></span> <span class='ocrx_word' id='word_1_162' title='bbox 219 2229 336 2294; x_wconf 78' lang='lat' dir='ltr'><strong>valeas.</strong></span> <span class='ocrx_word' id='word_1_163' title='bbox 362 2228 443 2294; x_wconf 84' lang='lat' dir='ltr'><strong>Post</strong></span> <span class='ocrx_word' id='word_1_164' title='bbox 456 2229 657 2294; x_wconf 82' lang='lat' dir='ltr'><strong>Leuctricam</strong></span> <span class='ocrx_word' id='word_1_165' title='bbox 670 2250 815 2314; x_wconf 84' lang='lat' dir='ltr'><strong>pugnam</strong></span> <span class='ocrx_word' id='word_1_166' title='bbox 829 2228 879 2294; x_wconf 92' lang='lat' dir='ltr'><strong>die</strong></span> <span class='ocrx_word' id='word_1_167' title='bbox 894 2228 1012 2312; x_wconf 84' lang='lat' dir='ltr'><strong>septin-</strong></span> 
     </span>
     <span class='ocr_line' id='line_1_24' title="bbox 73 2316 607 2402; baseline 0.013 -26"><span class='ocrx_word' id='word_1_168' title='bbox 73 2316 237 2396; x_wconf 87' lang='lat' dir='ltr'><strong>gentesimo</strong></span> <span class='ocrx_word' id='word_1_169' title='bbox 261 2318 460 2402; x_wconf 81' lang='lat' dir='ltr'><strong>seragemiso</strong></span> <span class='ocrx_word' id='word_1_170' title='bbox 484 2319 607 2401; x_wconf 86' lang='lat' dir='ltr'><strong>quinto.</strong></span> 
     </span>
    </p>
   </div>
   <div class='ocr_carea' id='block_1_4' title="bbox 517 2526 560 2594">
    <p class='ocr_par' dir='ltr' id='par_1_4' title="bbox 517 2526 560 2594">
     <span class='ocr_line' id='line_1_25' title="bbox 517 2526 560 2594; baseline -0.047 0"><span class='ocrx_word' id='word_1_171' title='bbox 517 2526 560 2594; x_wconf 91' lang='lat' dir='ltr'><strong>II.</strong></span> 
     </span>
    </p>
   </div>
   <div class='ocr_carea' id='block_1_5' title="bbox 101 2643 978 2809">
    <p class='ocr_par' dir='ltr' id='par_1_5' title="bbox 101 2643 978 2809">
     <span class='ocr_line' id='line_1_26' title="bbox 101 2643 978 2706; baseline 0.006 -6"><span class='ocrx_word' id='word_1_172' title='bbox 101 2643 149 2700; x_wconf 78' lang='lat' dir='ltr'><strong>Sor.</strong></span> <span class='ocrx_word' id='word_1_173' title='bbox 168 2645 323 2706; x_wconf 73' lang='lat' dir='ltr'><strong>Laodiceae</strong></span> <span class='ocrx_word' id='word_1_174' title='bbox 341 2647 415 2704; x_wconf 88' lang='lat' dir='ltr'><strong>inter</strong></span> <span class='ocrx_word' id='word_1_175' title='bbox 433 2647 494 2704; x_wconf 86' lang='lat' dir='ltr'><strong>Kal.</strong></span> <span class='ocrx_word' id='word_1_176' title='bbox 514 2650 544 2704; x_wconf 87' lang='lat' dir='ltr'><strong>at</strong></span> <span class='ocrx_word' id='word_1_177' title='bbox 560 2647 656 2703; x_wconf 86' lang='lat' dir='ltr'><strong>Nonas</strong></span> <span class='ocrx_word' id='word_1_178' title='bbox 674 2647 764 2704; x_wconf 86' lang='lat' dir='ltr'><strong>Maias</strong></span> <span class='ocrx_word' id='word_1_179' title='bbox 783 2665 807 2704; x_wconf 87' lang='lat' dir='ltr'><strong>a.</strong></span> <span class='ocrx_word' id='word_1_180' title='bbox 828 2666 854 2703; x_wconf 89' lang='lat' dir='ltr'><strong>u.</strong></span> <span class='ocrx_word' id='word_1_181' title='bbox 874 2665 897 2704; x_wconf 91' lang='lat' dir='ltr'><strong>c.</strong></span> <span class='ocrx_word' id='word_1_182' title='bbox 918 2655 978 2705; x_wconf 75' lang='lat'><strong>704.</strong></span> 
     </span>
     <span class='ocr_line' id='line_1_27' title="bbox 345 2751 724 2809; baseline 0.005 -2"><span class='ocrx_word' id='word_1_183' title='bbox 345 2751 477 2808; x_wconf 78' lang='lat' dir='ltr'>CICERO</span> <span class='ocrx_word' id='word_1_184' title='bbox 495 2751 630 2808; x_wconf 81' lang='lat' dir='ltr'>ATTICO</span> <span class='ocrx_word' id='word_1_185' title='bbox 650 2753 724 2809; x_wconf 82' lang='lat' dir='ltr'><strong>SAL.</strong></span> 
     </span>
    </p>
   </div>
   <div class='ocr_carea' id='block_1_6' title="bbox 71 2859 1089 3386">
    <p class='ocr_par' dir='ltr' id='par_1_6' title="bbox 71 2859 1089 3386">
     <span class='ocr_line' id='line_1_28' title="bbox 126 2859 1041 2948; baseline -0.003 -22"><span class='ocrx_word' id='word_1_186' title='bbox 126 2859 229 2936; x_wconf 82' lang='lat' dir='ltr'><strong>Quum</strong></span> <span class='ocrx_word' id='word_1_187' title='bbox 250 2860 459 2948; x_wconf 86' lang='lat' dir='ltr'><strong>Philogenes,</strong></span> <span class='ocrx_word' id='word_1_188' title='bbox 485 2862 619 2928; x_wconf 87' lang='lat' dir='ltr'><strong>libertus</strong></span> <span class='ocrx_word' id='word_1_189' title='bbox 642 2867 731 2946; x_wconf 86' lang='lat' dir='ltr'><strong>tuus,</strong></span> <span class='ocrx_word' id='word_1_190' title='bbox 758 2863 950 2928; x_wconf 87' lang='lat' dir='ltr'><strong>Laodiceam</strong></span> <span class='ocrx_word' id='word_1_191' title='bbox 973 2862 1041 2926; x_wconf 78' lang='lat' dir='ltr'><strong>adr</strong></span> 
     </span>
     <span class='ocr_line' id='line_1_29' title="bbox 72 2949 1089 3050; baseline 0.002 -40"><span class='ocrx_word' id='word_1_192' title='bbox 72 2966 112 3010; x_wconf 88' lang='lat' dir='ltr'><strong>me</strong></span> <span class='ocrx_word' id='word_1_193' title='bbox 141 2950 302 3014; x_wconf 84' lang='lat' dir='ltr'><strong>salutandi</strong></span> <span class='ocrx_word' id='word_1_194' title='bbox 333 2971 431 3015; x_wconf 85' lang='lat' dir='ltr'><strong>eausa</strong></span> <span class='ocrx_word' id='word_1_195' title='bbox 462 2950 604 3015; x_wconf 85' lang='lat' dir='ltr'><strong>venisset</strong></span> <span class='ocrx_word' id='word_1_196' title='bbox 637 2954 670 3015; x_wconf 87' lang='lat' dir='ltr'><strong>et</strong></span> <span class='ocrx_word' id='word_1_197' title='bbox 702 2973 735 3016; x_wconf 86' lang='lat' dir='ltr'><strong>se</strong></span> <span class='ocrx_word' id='word_1_198' title='bbox 767 2951 878 3016; x_wconf 83' lang='lat' dir='ltr'><strong>statim</strong></span> <span class='ocrx_word' id='word_1_199' title='bbox 902 2949 951 3050; x_wconf 31' lang='lat' dir='ltr'><strong>&#39;ad</strong></span> <span class='ocrx_word' id='word_1_200' title='bbox 981 2953 1015 3014; x_wconf 87' lang='lat' dir='ltr'><strong>te</strong></span> <span class='ocrx_word' id='word_1_201' title='bbox 1085 2977 1089 2986; x_wconf 94' lang='lat'>·</span> 
     </span>
     <span class='ocr_line' id='line_1_30' title="bbox 71 3036 1014 3190; baseline 0.004 -6"><span class='ocrx_word' id='word_1_202' title='bbox 71 3036 668 3184; x_wconf 65' lang='lat' dir='ltr'><strong>m</strong></span> <span class='ocrx_word' id='word_1_203' title='bbox 689 3037 1014 3190; x_wconf 58' lang='lat' dir='ltr'><strong>cerasia:</strong></span> 
     </span>
     <span class='ocr_line' id='line_1_31' title="bbox 71 3144 1014 3298; baseline 0.003 -24"><span class='ocrx_word' id='word_1_204' title='bbox 71 3144 198 3278; x_wconf 68' lang='lat' dir='ltr'><strong>illicito.</strong></span> <span class='ocrx_word' id='word_1_205' title='bbox 244 3211 290 3278; x_wconf 76' lang='lat' dir='ltr'><strong>nt</strong></span> <span class='ocrx_word' id='word_1_206' title='bbox 320 3149 521 3298; x_wconf 69' lang='lat' dir='ltr'><strong>respindelio</strong></span> <span class='ocrx_word' id='word_1_207' title='bbox 553 3150 693 3298; x_wconf 81' lang='lat' dir='ltr'><strong>primarii</strong></span> <span class='ocrx_word' id='word_1_208' title='bbox 726 3216 907 3298; x_wconf 84' lang='lat' dir='ltr'><strong>postremae</strong></span> <span class='ocrx_word' id='word_1_209' title='bbox 939 3215 1014 3278; x_wconf 87' lang='lat' dir='ltr'><strong>tuae</strong></span> 
     </span>
     <span class='ocr_line' id='line_1_32' title="bbox 71 3298 1014 3386; baseline 0.001 -22"><span class='ocrx_word' id='word_1_210' title='bbox 71 3301 202 3384; x_wconf 86' lang='lat' dir='ltr'><strong>paginae,</strong></span> <span class='ocrx_word' id='word_1_211' title='bbox 226 3322 308 3385; x_wconf 87' lang='lat' dir='ltr'><strong>quae</strong></span> <span class='ocrx_word' id='word_1_212' title='bbox 330 3301 410 3365; x_wconf 89' lang='lat' dir='ltr'><strong>mihi</strong></span> <span class='ocrx_word' id='word_1_213' title='bbox 424 3322 562 3386; x_wconf 88' lang='lat' dir='ltr'><strong>magnae</strong></span> <span class='ocrx_word' id='word_1_214' title='bbox 582 3301 748 3367; x_wconf 85' lang='lat' dir='ltr'><strong>molestiae</strong></span> <span class='ocrx_word' id='word_1_215' title='bbox 770 3299 842 3384; x_wconf 85' lang='lat' dir='ltr'><strong>fuit,</strong></span> <span class='ocrx_word' id='word_1_216' title='bbox 865 3298 950 3384; x_wconf 91' lang='lat' dir='ltr'><strong>quod</strong></span> <span class='ocrx_word' id='word_1_217' title='bbox 972 3299 1014 3365; x_wconf 86' lang='lat' dir='ltr'><strong>ad</strong></span> 
     </span>
    </p>
   </div>
   <div class='ocr_carea' id='block_1_7' title="bbox 71 3481 1015 3630">
    <p class='ocr_par' dir='ltr' id='par_1_7' title="bbox 71 3481 1015 3630">
     <span class='ocr_line' id='line_1_33' title="bbox 126 3481 1015 3564; baseline -0.002 -18"><span class='ocrx_word' id='word_1_218' title='bbox 126 3490 262 3564; x_wconf 74' lang='lat' dir='ltr'><strong>Eq.1‚2t.</strong></span> <span class='ocrx_word' id='word_1_219' title='bbox 279 3497 308 3547; x_wconf 78' lang='lat' dir='ltr'><strong>et</strong></span> <span class='ocrx_word' id='word_1_220' title='bbox 316 3492 499 3548; x_wconf 62' lang='lat' dir='ltr'><strong>annasilim</strong></span> <span class='ocrx_word' id='word_1_221' title='bbox 513 3481 605 3560; x_wconf 71' lang='lat' dir='ltr'><strong>(Son).</strong></span> <span class='ocrx_word' id='word_1_222' title='bbox 625 3493 677 3546; x_wconf 79' lang='lat' dir='ltr'><strong>eti.</strong></span> <span class='ocrx_word' id='word_1_223' title='bbox 688 3490 781 3560; x_wconf 85' lang='lat' dir='ltr'><strong>vulgo.</strong></span> <span class='ocrx_word' id='word_1_224' title='bbox 793 3520 826 3530; x_wconf 95' lang='lat'>-</span> <span class='ocrx_word' id='word_1_225' title='bbox 836 3489 1015 3546; x_wconf 79' lang='lat' dir='ltr'><strong>Hocteoolac&#39;</strong></span> 
     </span>
     <span class='ocr_line' id='line_1_34' title="bbox 71 3557 1014 3630; baseline 0.004 -18"><span class='ocrx_word' id='word_1_226' title='bbox 71 3557 141 3630; x_wconf 63' lang='lat' dir='ltr'><strong>(wll</strong></span> <span class='ocrx_word' id='word_1_227' title='bbox 177 3568 221 3617; x_wconf 78' lang='lat'><strong>26.</strong></span> <span class='ocrx_word' id='word_1_228' title='bbox 249 3563 285 3618; x_wconf 85' lang='lat' dir='ltr'><strong>cl.</strong></span> <span class='ocrx_word' id='word_1_229' title='bbox 302 3578 390 3618; x_wconf 79' lang='lat' dir='ltr'><strong>meam</strong></span> <span class='ocrx_word' id='word_1_230' title='bbox 408 3567 609 3618; x_wconf 79' lang='lat' dir='ltr'><strong>mouumentum</strong></span> <span class='ocrx_word' id='word_1_231' title='bbox 630 3561 699 3630; x_wconf 84' lang='lat' dir='ltr'><strong>(W.;</strong></span> <span class='ocrx_word' id='word_1_232' title='bbox 718 3579 742 3616; x_wconf 86' lang='lat' dir='ltr'><strong>a.</strong></span> <span class='ocrx_word' id='word_1_233' title='bbox 757 3573 891 3616; x_wconf 58' lang='lat' dir='ltr'><strong>mnsam</strong></span> <span class='ocrx_word' id='word_1_234' title='bbox 906 3561 1014 3630; x_wconf 84' lang='lat' dir='ltr'><strong>Boot.)?</strong></span> 
     </span>
    </p>
   </div>
   <div class='ocr_carea' id='block_1_8' title="bbox 0 0 1274 3960">
    <p class='ocr_par' dir='ltr' id='par_1_8' title="bbox 0 0 1274 3960">
     <span class='ocr_line' id='line_1_35' title="bbox 0 0 1274 3960; baseline 0 0"><span class='ocrx_word' id='word_1_235' title='bbox 0 0 1274 3960; x_wconf 95' lang='lat' dir='ltr'><strong> </strong></span> 
     </span>
    </p>
   </div>
  </div>
 </body>
</html>
