2582 3980
251 271 316 336 596
430 315 432 322 .
537 269 573 324 Μ.
594 267 715 323 TULLII
734 265 924 322 CICERONIS

251 437 343 482 cusas
366 413 564 481 commodius
587 414 714 478 mittere
736 416 863 496 potero,
886 412 914 476 si
937 411 1087 478 Valerius
1108 412 1206 477 inter-

249 526 322 590 pres
351 503 392 567 ad
419 524 470 566 me
497 501 630 567 nomina
655 503 873 586 gratiosorum
899 500 1128 585 scripserit-
1152 501 1207 565 alii

250 593 337 657 enim
359 594 437 656 sunt
459 591 539 656 alias
562 591 728 674 nostrique
753 589 930 654 familiares
957 589 1025 669 fere
1049 589 1208 655 demortui

251 705 307 764 —3
331 680 459 765 publice
480 683 591 744 tamen
614 679 736 762 scripsi,
759 679 786 742 si
807 679 857 742 uti
879 679 976 742 vellet
990 678 1036 742 cis
1050 676 1208 760 Valerius,

222 773 308 834 saut
338 769 418 832 mibi
449 769 583 833 nomina
613 768 765 832 mitteret.
815 766 866 832 De
902 766 1088 852 Lepidianis
1119 767 1209 831 feriis

250 857 372 922 Balbus
396 856 509 921 adme
532 878 635 940 usque
658 857 698 920 ad
720 874 767 920 111.
789 855 875 920 Kal:
913 855 1106 940 exspectabo
1136 859 1208 920 tuas

250 946 384 1031 litteras,
405 966 519 1028 meque
542 947 578 1010 dc
592 945 747 1028 Torquati
760 943 927 1029 negotiolo
939 945 1098 1009 sciturum
1121 949 1209 1030 puto.

250 1034 362 1110 Quinti
384 1034 509 1098 litteras
538 1034 579 1097 ad
606 1037 653 1097 te.
666 1033 751 1118 misi,
782 1036 821 1098 ut
848 1033 958 1117 scires,
991 1055 1091 1118 quam
1118 1033 1208 1098 valde

143 1135 146 1142 '
251 1143 324 1188 eum
347 1125 479 1206 ammei,
501 1144 596 1206 quem
618 1122 706 1186 dolet
719 1144 739 1186 a
752 1124 785 1186 te
798 1121 905 1186 minus
929 1122 1040 1187 amari.
1073 1121 1208 1204 Atticae,

250 1211 412 1294 quoniam,
435 1210 520 1294 quod
544 1211 702 1295 optimum
723 1211 759 1274 in
781 1209 889 1294 pueris
908 1213 967 1293 est,
988 1210 1133 1275 hilarula
1155 1215 1207 1288 est,

251 1301 335 1364 meis·
352 1299 457 1366 verbis
481 1301 628 1364 suavium
651 1299 706 1362 des
729 1300 811 1364 uolo.
902 1348 905 1356 Α

692 1493 766 1558 XII.

250 1613 307 1669 Sor.
325 1615 355 1668 in
374 1613 528 1671 Puteolano
547 1633 572 1670 a.
591 1616 618 1669 d.
637 1615 710 1670 VIII.
730 1615 796 1668 Idus
815 1569 988 1670 Novembres
1014 1631 1040 1670 a.
1059 1635 1088 1670 u.
1108 1633 1131 1670 c.
1149 1622 1205 1692 Ilo.

523 1712 678 1776 CICERO
690 1719 840 1776 ATTICO
858 1719 941 1776 SAL.

316 1828 412 1914 Oppii
435 1829 598 1914 epistolae,
621 1831 697 1914 quia
718 1829 919 1914 perhumana
942 1833 1027 1912 erat,
1050 1830 1115 1894 tibi
1137 1831 1205 1894 misi

250 1919 438 2002 exemplum.
474 1917 523 1983 De
547 1917 663 2003 Ocella,
686 1919 763 1983 dum
785 1922 821 1983 tu
841 1918 1023 2003 muginaris
1046 1940 1109 1983 nec
1130 1919 1205 1982 mihi

249 2007 423 2091 quidquam
446 2008 604 2091 rescribis,
627 2009 698 2091 cepi
711 2007 880 2073 consilium
898 2007 1125 2072 domesticum:
1148 2007 1204 2071 ita-

249 2117 311 2179 que
338 2117 389 2160 me
420 2118 467 2180 pr.
493 2095 570 2162 Idus
603 2096 741 2162 arbitror
769 2095 890 2165 Romae
922 2096 1078 2161 futurum.
1117 2093 1203 2162 Com·

248 2185 374 2249 modius
402 2187 452 2249 est
473 2185 577 2249 visum
603 2185 725 2249 frustra
752 2206 802 2248 me
829 2184 903 2248 istic
932 2205 1015 2268 esse,
1048 2207 1148 2268 quum
1174 2184 1203 2247 id

248 2293 316 2337 non
338 2293 467 2337 necesse
491 2277 584 2356 esset,
607 2295 712 2359 quam,
736 2274 763 2337 si
784 2295 864 2356 opus
879 2276 972 2356 esset,
995 2294 1064 2337 non
1079 2273 1202 2356 adesse,

249 2363 282 2424 et
304 2362 408 2445 simul,
431 2383 471 2425 ne
494 2360 731 2445 intercluderer,
753 2362 945 2444 metuebam,
968 2362 1023 2425 ille
1038 2361 1125 2425 enim
1143 2362 1202 2425 iam

249 2449 422 2514 adventare
445 2452 560 2534 potest,
583 2450 644 2514 etsi
667 2449 747 2514 uarii
769 2471 913 2514 rumores
937 2449 1104 2533 multique,
1126 2472 1201 2533 quos

249 2558 397 2620 cuperem
419 2559 522 2622 veros,
544 2538 626 2602 nihil
648 2543 759 2602 tamen
782 2539 869 2602 certi.
912 2536 984 2624 Ego
1008 2560 1095 2621 vero,
1118 2539 1201 2622 quid-

248 2625 325 2706 quid
345 2628 404 2707 est,
425 2629 532 2691 tecum
554 2628 672 2712 potius,
695 2648 791 2710 quam
805 2627 905 2690 animi
918 2627 1085 2711 pendeam,
1109 2647 1200 2710 quum

249 2714 323 2776 ate
346 2712 458 2796 absim,
480 2717 515 2778 et
528 2715 567 2778 de
580 2719 613 2778 te
628 2718 661 2778 et
675 2715 713 2779 de
728 2737 793 2798 me3
817 2715 872 2779 sed
897 2715 973 2799 quid
996 2715 1057 2779 tibi
1080 2713 1200 2780 dicam?

247 2798 369 2866 bonum
393 2801 546 2867 animum.
581 2797 874 2891 De‘Hpuulscdslp
894 2803 1052 2869 Varronis
1075 2803 1200 2888 negotia

249 2890 348 2954 salsa:
372 2911 422 2954 me
446 2891 574 2974 quidem
597 2891 679 2955 nihil
701 2913 854 2976 umquam
873 2892 919 2956 sic
942 2891 1127 2975 delectavit3
1149 2891 1199 2956 sed

247 2977 367 3042 hcc'et
389 2978 452 3042 alia
474 2980 597 3043 maiora
620 3001 737 3044 coram.

319 3169 370 3240 Ep.
392 3177 437 3239 11,
458 3177 481 3225 7.
519 3171 645 3228 Valerius
663 3177 713 3242 cut
730 3189 764 3227 m.
782 3189 810 3226 a.
829 3172 932 3227 miderc
958 3172 1042 3242 (Wll
1093 3172 1142 3242 Ep.
1161 3177 1196 3225 12.

132 3256 134 3260 ·
248 3253 415 3379 qeurlqcoessc,
442 3242 515 3297 nibil
541 3243 626 3314 (Ἦν
664 3273 696 3286 -
732 3244 779 3298 scd
805 3244 854 3298 boc
880 3248 905 3298 el
932 3243 1008 3312 (W.).
1046 3259 1068 3298 a.
1092 3244 1198 3298 lucret
