2594 3976
230 277 490 335 EPISTOLARUM
509 277 558 334 AD
578 275 742 333 Arrlcnn
759 275 833 331 XIV.
852 281 896 330 20.
914 280 957 331 21.
1003 271 1069 339 539

507 531 511 554 2
548 492 637 560 XXI.
870 555 873 560 .

173 612 231 670 Sor.
249 613 280 668 ia
297 613 453 669 Puteolano
472 630 498 667 a.
519 613 546 668 d.
564 613 598 668 V.
617 613 683 668 Idus
700 612 791 668 Maias
809 628 834 666 a.
853 629 880 666 u.
899 628 922 666 c.
942 616 1003 666 llo.

431 717 756 776 crcnRO·Arr100.

179 827 285 904 Quum
312 829 421 914 paullo
445 832 520 893 ante
545 827 702 895 dedissem
725 829 766 894 ad
789 832 822 893 te
845 826 948 896 Cassii
969 827 1097 893 rabel-i
1147 834 1151 844 '

107 916 192 982 lario
233 916 372 1002 litteras,
411 936 444 982 v.
479 917 556 982 Idus
597 917 686 984 venit
725 921 836 983 noster
875 916 1072 999 tabellarius,

106 1004 297 1088 etquidem
321 1042 363 1052 -
385 1006 529 1090 portenti
557 1006 660 1072 simile
688 1043 730 1054 -·
759 1007 827 1071 sine
854 1007 919 1072 tuis
946 1003 1073 1088 litteris,

107 1093 168 1158 sed
205 1093 269 1158 cito
306 1094 428 1160 conieci
460 1093 598 1160 Lanuvii
633 1099 666 1160 te
697 1094 811 1179 fuisse3
847 1094 931 1162 Eros
964 1097 1072 1160 autem

110 1181 289 1266 festinavit,
311 1185 348 1247 ut
362 1182 403 1247 ad
419 1205 471 1248 me
493 1183 620 1249 litterae
633 1183 822 1250 Dolabellae
844 1185 1073 1270 perferrentur,

110 1291 181 1335 non
208 1269 246 1334 de
273 1292 308 1336 re
335 1293 408 1335 mea
433 1308 476 1318 —
503 1273 649 1338 nondum
677 1273 763 1337 enim
790 1295 879 1338 meas
905 1275 1073 1358 acceperat

111 1396 167 1441 -,
199 1359 254 1423 sed
281 1360 446 1444 rescripsit
472 1361 512 1425 ad
540 1383 608 1445 eas,
640 1383 776 1447 quarum
804 1362 986 1446 exemplum
1011 1360 1072 1426 tibi

110 1447 273 1532 miseram,
296 1469 373 1512 sane
387 1449 558 1514 luculente.
585 1448 638 1514 Ad
652 1471 702 1515 me
717 1455 834 1537 autem,
857 1472 956 1535 quum
970 1447 1073 1516 Cassii
1086 1462 1099 1504 Ι

108 1535 317 1602 tabellarium
340 1536 546 1622 dimisissem,
578 1539 688 1602 statim
710 1537 849 1605 Balbus:
883 1561 901 1604 o
926 1538 958 1603 di
986 1538 1073 1620 boni,

113 1644 213 1707 quam
226 1625 320 1690 facile
333 1626 531 1710 perspiceres
544 1627 658 1691 timere
673 1627 789 1693 otiuml
813 1631 846 1692 et
859 1628 946 1694 nosti
959 1627 1074 1710 virum,

112 1733 212 1796 quam
234 1715 355 1797 tectus,
378 1713 434 1778 sed
456 1717 567 1780 tamen
588 1715 727 1782 Antonii
750 1716 884 1782 consilia
906 1717 1072 1781 narrabat:

111 1799 206 1865 illum
220 1801 386 1868 circumire
399 1806 579 1890 veteranos,
601 1807 638 1869 ut
661 1809 733 1870 acta
747 1801 893 1871 Caesaris
910 1805 1074 1871 sancirent

47 1930 52 1936 -
111 1888 210 1972 idque
242 1912 276 1955 se
308 1890 452 1957 facturos
484 1913 554 1958 esse
585 1891 745 1977 iurarent,
781 1896 819 1960 nt
850 1917 932 1957 arma
961 1915 1073 1959 omnes

109 1977 272 2044 haberent
294 1999 394 2064 eaque
423 1978 583 2045 duumviri
606 1979 755 2046 omnibus
782 1981 947 2046 mensibus
973 1981 1074 2066 inspi-

112 2069 238 2151 cerent3
271 2071 402 2151 questus
434 2071 484 2133 est
515 2069 613 2133 etiam
644 2068 683 2132 de
716 2090 775 2134 sua
806 2069 941 2153 invidia,
973 2090 1073 2154 eaque

112 2155 220 2219 omnis
234 2156 302 2220 eius
317 2157 421 2222 oratio
435 2157 507 2240 fuit,
528 2160 566 2220 ut
579 2179 688 2222 amare
700 2157 863 2223 rideretur
876 2156 1073 2224 Antonium:

112 2242 192 2327 quid
220 2245 368 2328 quaeris?
408 2245 490 2310 nihil
518 2245 644 2310 sinceri.
688 2244 771 2310 Mihi
798 2249 907 2311 autem
933 2267 1002 2312 non
1025 2249 1100 2311 est³

111 2331 257 2416 dubium,
281 2334 360 2417 quin
382 2355 433 2398 ree
457 2337 581 2418 spectet
603 2333 644 2398 ad
667 2337 785 2400 castra:
813 2337 886 2398 acta
909 2334 995 2400 enim
1017 2334 1074 2400 illa

110 2441 166 2483 res
190 2425 239 2484 est
261 2422 369 2487 animo
384 2422 477 2506 virili,
500 2421 634 2488 consilio
657 2419 787 2507 puerili3
809 2422 881 2507 quis
903 2423 990 2487 enim
1011 2422 1074 2488 hoc

110 2509 294 2660 norpflvicpt,
316 2510 410 2595 regni
432 2510 582 2575 heredem
595 2511 765 2576 relictum?
788 2509 865 2596 quid
888 2516 997 2578 autem
1019 2511 1074 2576 ab·

108 2619 170 2661 sur
204 2621 257 2662 us.

190 2720 253 2786 hoc
275 2727 431 2807 metuere,
454 2721 591 2789 alterum
612 2724 649 2788 in
671 2729 760 2791 metu
781 2746 850 2791 non
872 2745 1001 2810 ponere.

110 2845 202 2922 Quin
234 2846 332 2911 etiam
362 2846 425 2911 hoc
456 2847 527 2931 ipso
554 2851 699 2930 tempore
727 2849 829 2913 multa
855 2841 1073 2914 ὑποσάλοικαε

112 2933 224 3001 Pontii
254 2933 508 3018 Neapolitanum
535 2957 554 3000 a
583 2939 685 3000 matre
717 2937 947 3021 tyrannoctoni
973 2935 1074 3019 possi-

111 3023 206 3087 deri‘?
242 3021 414 3108 Legendus
437 3023 517 3089 mihi
540 3023 668 3108 saepius
692 3029 740 3089 est
766 3022 866 3108 „Cato
890 3023 1011 3090 maior“
1033 3023 1073 3088 ad

111 3116 147 3176 te
170 3111 300 3196 missus3
327 3113 518 3178 amariorem
541 3113 627 3178 enim
649 3133 701 3176 me
724 3116 871 3177 senectus
893 3111 986 3176 facit:
1010 3113 1074 3176 sto·

113 3200 247 3265 machor
270 3201 392 3283 omnia3
416 3201 472 3265 sed
495 3201 575 3266 mihi
598 3200 726 3286 quidem
748 3201 914 3285 βεβίωται,
935 3200 1075 3265 viderint

113 3290 255 3354 iuvenes.
301 3287 351 3354 Tu
374 3310 446 3354 mea
469 3290 609 3374 curabis,
634 3293 672 3355 ut
701 3311 802 3355 curas.
846 3285 937 3354 Haec
960 3289 1100 3372 scripsi⁴

185 3481 236 3550 Ep.
256 3487 298 3548 21,
318 3487 343 3537 2.
362 3483 393 3538 de'
410 3484 476 3538 boot
494 3484 564 3552 (aL,
581 3484 686 3552 vulgo).
705 3483 750 3539 dci
768 3483 793 3537 b.
811 3483 876 3538 ΜΒ.
893 3512 929 3524 -
942 3487 975 3538 ut
993 3498 1074 3539 arma

113 3549 144 3618 (l.
162 3551 234 3621 conj.
252 3557 403 3622 mg.1584,
421 3554 514 3610 Madv.
533 3554 615 3621 Λᾶν.)
633 3559 725 3608 atram
742 3554 818 3622 ΜΠ,
837 3558 931 3610 ulrum
948 3553 1026 3622 Rae,
1042 3558 1075 3608 ct

114 3627 173 3676 tom
190 3639 234 3676 vc.
251 3627 284 3678 ot
300 3624 358 3680 iam
384 3624 443 3680 Mn.
462 3629 495 3679 ct
511 3629 576 3680 roto
593 3643 630 3693 v„
647 3624 742 3693 vulgo.
766 3630 792 3680 3.
809 3640 835 3694 q.
853 3629 943 3681 catera
961 3625 1010 3680 boc
1027 3624 1074 3679 ob·

113 3693 237 3758 surdius,
256 3693 306 3749 boc
320 3735 326 3748 .
338 3734 344 3748 .
354 3693 478 3764 ponere?
493 3695 564 3766 (lete
578 3725 614 3735 —
623 3710 732 3769 ponere.
749 3693 825 3764 Quin
839 3695 886 3762 (W
889 3697 914 3763 .).
928 3694 981 3764 p?
997 3695 1028 3766 Q.
1043 3697 1073 3750 Β.
1097 3739 1101 3745 .
