2582 3980
253 263 320 333 586
539 263 577 318 Μ.
597 261 721 319 TULLII
738 259 929 318 CICERONIS

255 409 330 476 (lam
352 407 539 474 sumendae:
567 426 622 473 eas
643 425 706 492 ego
733 410 862 492 oportet
886 406 1096 492 perspiciam,
1122 404 1218 471 eorti-

254 519 347 586 μνη
369 502 441 564 tum
463 497 600 584 denique
623 496 768 562 edentur.

709 687 767 757 VI.

1279 692 1283 783 ι

251 882 254 890 ⁴
295 811 353 872 Sor.
371 812 481 870 Vibone
499 829 524 869 a.
544 814 569 869 d.
588 811 663 870 VIII.
682 811 823 868 Kalendas
843 810 962 868 Sextiles
981 828 1005 866 a
1024 829 1053 868 n.
1071 827 1097 866 a
1118 817 1184 868 tlt.
1281 814 1282 823 ’

529 917 677 976 CICERO
695 917 846 976 ATTICO
865 917 948 974 SAL.

230 1050 244 1093 1
323 1029 397 1118 Itgo
412 1029 517 1096 adhue
533 1063 572 1078 «-
587 1029 721 1113 perveni
742 1001 830 1093 enim
842 1016 1006 1095 Vibonem
1028 1027 1072 1094 ad
1093 1025 1220 1094 Siooam

256 1155 299 1172 -
322 1141 427 1207 magis
449 1117 615 1186 commode
638 1139 735 1203 quam
765 1120 895 1184 strenue
921 1116 1090 1202 navigavi3
1123 1117 1219 1182 remis
1282 1152 1285 1180 r

254 1210 343 1276 snm
365 1229 519 1295 magnam
541 1210 680 1293 passm,
707 1205 871 1291 prodromi
892 1206 982 1270 nuru.
1028 1204 1118 1271 mue
1142 1206 1219 1270 aa
1282 1183 1284 1266 l

256 1301 452 1383 opportune:
484 1295 548 1362 duo
570 1296 661 1362 sinus
683 1295 828 1379 fuerunt,
858 1315 938 1379 quos
960 1294 1103 1360 tramitti
1127 1315 1218 1380 opor·

255 1390 352 1471 teret,
383 1385 562 1451 Paestanus
589 1389 623 1450 et
645 1383 856 1468 Vibonensis3
886 1387 1059 1468 utrumque
1082 1383 1219 1468 pedibus

255 1476 369 1562 eequis
394 1474 601 1542 mmmmm.
646 1472 732 1538 Veni
757 1473 857 1558 igitur
884 1471 924 1537 ad
948 1470 1074 1538 Siooam
1105 1477 1217 1538 octavo

256 1564 308 1631 die
331 1586 348 1630 e
370 1563 582 1650 Pompeiano,
609 1581 709 1647 quum
731 1583 832 1627 unum
854 1561 940 1628 diem
962 1559 1076 1627 Veliae
1101 1561 1218 1626 eonsti-
1284 1615 1285 1622 ,

254 1652 382 1736 tissem,
408 1653 465 1718 abi
487 1653 616 1740 quidem
638 1651 687 1716 fui
710 1672 788 1716 sane
809 1650 948 1716 libenter
969 1649 1057 1734 apud
1081 1648 1217 1715 Talnam

255 1745 405 1807 nostrum
426 1761 486 1806 neo
512 1741 605 1825 potui
627 1739 742 1824 aooipi,
772 1740 829 1805 illo
856 1739 989 1806 absente
1018 1739 1217 1823 praesertim,

256 1829 430 1895 liberalius.
461 1846 544 1895 vnn.
557 1829 630 1895 Kal.
643 1829 744 1914 igitur
766 1827 807 1893 ad
821 1826 959 1893 Siooam:
981 1827 1028 1892 ibi
1049 1831 1217 1914 tamquam

256 1917 346 1984 domi
368 1937 458 1985 meae
488 1918 622 2002 seilicet,
653 1917 762 2002 itaque
790 1917 909 1984 obduxi
935 1919 1105 2001 posterum
1128 1917 1217 1982 diem
1284 1889 1285 1936 ¹

256 2005 322 2074 ssd
344 2007 509 2093 putabam,
532 2029 629 2092 quum
643 2003 782 2092 Regium
804 2006 973 2090 venissem,
994 2005 1076 2090 fore,
1099 2010 1139 2071 nt
1154 2006 1217 2071 illie

259 2091 399 2181 δολιχὸν
417 2093 523 2162 πλόον
550 2090 768 2180 ὁρμαίνοντες
794 2095 1023 2181 cogitaremus,
1051 2096 1216 2161 corbitane
1283 2141 1284 2186 ,

258 2183 373 2251 Patras
386 2207 430 2250 an
444 2185 628 2250 aetnaeiolis
642 2183 683 2249 ad
701 2184 722 2264 †
736 2183 952 2268 Leucopetras
966 2181 1216 2250 Tarentinorum
1283 2197 1284 2262 t

258 2277 357 2358 atqpe
369 2273 445 2340 inde
458 2271 641 2357 Ooroyram,
662 2276 705 2357 et,
727 2273 756 2337 si
778 2272 934 2356 oneraria,
958 2271 1112 2337 statimne
1135 2273 1215 2337 freto
1283 2269 1284 2310 ³

258 2383 303 2426 an
326 2361 505 2448 Syrasusis:
540 2361 602 2426 hae
629 2383 725 2445 super
753 2381 788 2425 re
815 2361 954 2426 scribam
981 2360 1022 2424 ad
1048 2364 1083 2425 te
1107 2360 1216 2448 Regio.

230 2449 452 2535 ¹Meheroule,
473 2451 519 2516 mi
541 2449 659 2534 Attice,
682 2471 778 2534 saepe
798 2469 937 2514 meeum:
972 2443 994 2532 ἡ
1018 2443 1115 2535 δεῦρ’
1141 2445 1216 2525 ὁδός

259 2555 314 2603 σοι
327 2542 364 2604 τί
374 2534 532 2616 tonorum
554 2560 611 2604 cnr
633 2557 694 2624 ego
707 2542 815 2603 meum
829 2559 897 2604 non
911 2537 1005 2603 sum?
1028 2559 1087 2603 our
1100 2539 1215 2604 ocellos

258 2625 382 2710 Italiae,
403 2627 531 2693 villulas
554 2649 652 2711 meas,
673 2649 741 2693 non
755 2625 870 2692 video?
893 2627 950 2694 aed
962 2626 996 2690 id
1009 2628 1088 2692 subs
1111 2649 1215 2712 super·

260 2735 335 2800 que,
365 2719 472 2780 tenum
503 2735 554 2817 me
586 2737 654 2782 non
681 2737 764 2800 esse,
795 2714 872 2800 quid
898 2715 1103 2802 lugientem?
1138 2716 1215 2802 peri·
1283 2759 1284 2780 2

259 2803 432 2870 oulumne?
468 2806 503 2868 at
524 2803 558 2868 rd
584 2825 672 2869 nuno
694 2802 836 2889 quidem,
867 2803 931 2870 nisi
952 2804 1062 2888 fallor,
1093 2805 1215 2869 nullum
1283 2783 1284 2872 i

260 2897 322 2978 est3
355 2892 395 2958 ad
426 2892 533 2978 ipsum
564 2897 673 2958 autem
703 2896 834 2959 revocat
864 2913 916 2958 me
947 2893 1125 2958 auotoritas
1153 2897 1215 2974 tna,

259 2981 374 3051 scribis
400 2981 487 3047 enim
515 2981 551 3045 in
577 2983 701 3046 eaelum
731 2981 810 3047 ferri
840 2981 1074 3066 profectionem
1106 3001 1215 3063 meam,
1283 2987 1284 3020 i

260 3071 398 3154 sedita,
430 3071 458 3135 si
486 3074 561 3136 ante
588 3069 628 3134 K.
651 3069 779 3136 Ianuar.
801 3069 944 3154 redeam,
976 3069 1063 3154 quod
1090 3069 1214 3155 quidem

259 3161 345 3226 uerte
368 3160 482 3243 enitar,
510 3157 596 3224 malo
619 3159 706 3224 enim
728 3157 780 3224 vel
802 3180 876 3224 oum
899 3159 1015 3224 timore
1037 3158 1128 3225 domi
1150 3179 1214 3223 esse

330 3332 378 3402 sp.
402 3338 426 3400 o,
448 3339 471 3389 1.
501 3331 620 3389 aaa„
638 3333 701 3402 (aa.
722 3331 860 3389 naama
876 3331 934 3389 m.
956 3331 1094 3392 masam
1114 3333 1170 3403 os,
1186 3333 1213 3386 s.

261 3432 295 3444 -
313 3402 775 3474 mammaemammal).
794 3403 1214 3475 mmeramme*
1282 3427 1283 3432 ¹

259 3469 408 3554 (litaverit
427 3473 465 3528 ud
482 3471 515 3528 L.
537 3473 603 3558 Tar:
622 3491 656 3540 a,
674 3473 768 3544 vulgo.
788 3504 821 3514 —
840 3480 921 3558 atque
938 3476 1003 3532 inde
1020 3475 1049 3544 (l.
1067 3475 1159 3548 oonj.).
1177 3480 1214 3532 att

258 3555 280 3662 p.
297 3540 369 3665 {Id
382 3541 515 3683 ἳὲἒοῗ,
537 3559 571 3604 uo
588 3561 607 3598 s.
626 3541 702 3599 Raol.
740 3549 766 3598 ἱ.
788 3545 827 3601 ud
844 3560 934 3615 speum
953 3550 1043 3602 uuum
1061 3544 1158 3617 (Son).
1181 3545 1214 3602 od
