2484 3974
115 259 121 272 ,
170 205 429 264 EPISTOLARUM
446 207 496 264 AD
514 207 678 264 ATTIOUM
696 209 744 266 IX.
765 217 805 266 18.
827 216 867 266 19.
930 211 993 274 341

41 351 155 432 quibus
185 351 359 438 Pompeius
396 353 701 420 circumsederetur?
746 353 808 420 Sex
838 356 995 441 legionem

41 439 175 506 multum
201 441 331 527 vigilat,
363 441 473 508 sudet:
509 443 635 508 nullum
666 443 758 509 video
785 444 883 509 finem
910 445 995 509 mali.

41 525 132 593 Nune
156 533 243 594 certe
265 530 443 614 promenda
465 531 525 596 tibi
546 531 782 597 sunlconsilia:
805 533 867 599 hoc
889 533 996 599 fueret

42 619 224 684 extremum.
269 617 331 684 Illa
357 622 467 684 temen
493 616 664 696 κατακλεὶς
689 621 776 686 illius
804 625 854 686 esi
875 621 1021 706 odiosus

42 727 134 788 quum
160 729 264 790 paene
291 709 456 793 praeterii,
488 708 516 774 si
543 709 605 774 sibi
631 709 773 776 consiliis
800 711 920 776 noslris
947 712 995 776 uti

41 815 104 860 non
125 796 251 882 liceret,
278 818 424 881 usurum,
452 818 589 880 quorum
610 802 733 883 posset,
760 798 801 863 ed
825 800 995 882 omniaque

42 904 106 948 esse
135 886 371 952 descensurum.
415 884 554 969 „Vidisti
580 886 680 971 igitur
708 887 825 969 virum,
856 890 895 951 ui
921 889 996 952 seri-

42 972 509 1060 psereslingemuisiil‘eerte.
527 972 792 1060 ‚‚Cedoreliquu.“
806 975 911 1052 Quid?
922 983 996 1041 eolr-

44 1061 130 1127 tinuo
150 1063 270 1146 ipsein
288 1063 463 1147 Pedanum,
486 1083 547 1149 ego
561 1062 734 1148 Arpinum3
756 1064 831 1128 inde
847 1067 996 1149 exspecto

44 1150 186 1232 equidem
208 1152 418 1235 λαλαγεῦσαν
435 1152 525 1217 illem
547 1155 647 1218 luem.
677 1152 755 1238 „Tu
776 1152 927 1233 mulum‚“
948 1152 996 1216 in-

46 1238 139 1324 quies,
161 1243 287 1324 ,petum
305 1262 346 1305 ne
365 1239 470 1326 eges.“
511 1239 621 1306 Elium
643 1242 734 1306 illum
756 1240 876 1326 ipsum,
903 1263 996 1326 quem

46 1328 216 1412 sequimur,
245 1329 348 1394 mulie
368 1329 563 1394 fefellerunt.
607 1328 670 1396 Sed
693 1351 753 1415 ego
775 1333 850 1395 tuas
871 1331 1023 1395 lilleros⁴

46 1421 203 1501 exspeci03
226 1418 309 1482 nihil
331 1421 382 1484 est
403 1419 490 1483 enim
511 1419 590 1503 iem,
611 1421 649 1483 ni
671 1422 784 1502 enies,
805 1419 997 1503 „videsmuq

45 1501 103 1569 hoc
128 1516 279 1590 quorsum
302 1506 446 1572 evadare
477 1510 653 1572 extremum
675 1507 739 1572 fuis
760 1507 800 1572 de
823 1529 998 1594 congressu

46 1597 166 1678 nostro,
197 1617 262 1679 quo
285 1595 414 1680 quidem
441 1617 511 1661 non
536 1596 648 1663 dubito
672 1596 751 1680 quin
777 1597 877 1661 isium
899 1596 998 1662 offen·

49 1679 156 1766 derim3
178 1705 216 1748 eo
239 1684 397 1749 maturius
421 1683 582 1770 egendum
605 1690 663 1750 esi.
707 1684 835 1751 Amabo
856 1688 904 1770 ie,
932 1686 997 1770 epi·

50 1770 173 1854 sulam,
196 1774 229 1836 et
250 1768 444 1857 πολιτικήν]
478 1773 571 1838 valde
593 1777 667 1839 lues
688 1774 814 1840 littores
836 1795 924 1840 nunc
946 1795 998 1839 ex·

51 1863 161 1941 specio·
659 1891 663 1898 ·

478 2055 566 2120 XIX.

139 2175 196 2230 Ser.
214 2175 315 2246 Arpini
333 2175 405 2246 prid.
423 2175 564 2232 Kalendas
582 2175 693 2246 Apriles
711 2192 737 2231 e.
755 2193 782 2230 n.
801 2191 824 2230 c.
844 2180 903 2230 70⁵.
989 2201 990 2204 ¹

315 2281 464 2338 CICERO
482 2281 633 2339 ATTIOO
651 2281 734 2338 SAL.

110 2389 181 2476 Ego
199 2413 271 2456 meo
286 2389 443 2477 Ciceroni,
465 2393 619 2477 quoniam
636 2391 741 2456 Remu
763 2412 917 2476 curemus,
940 2391 999 2456 Ar-
1015 2413 1026 2452 1

54 2476 114 2557 pini
134 2479 339 2562 potissimum
351 2483 463 2566 togam
485 2503 600 2566 puram
616 2480 697 2558 dedi,
719 2479 814 2564 idque
833 2480 1000 2565 municipi·

54 2562 106 2630 bus
127 2567 247 2632 nestris
262 2568 326 2634 fuis
349 2573 491 2654 graium3
514 2570 575 2635 etsi
597 2591 709 2636 omnes
732 2573 764 2633 el
785 2569 859 2634 illos
883 2572 916 2634 ei
938 2591 1002 2654 qus

54 2651 107 2718 iier
133 2655 197 2722 feei
228 2659 370 2723 moesus
402 2657 603 2742 afflictosque
628 2658 707 2722 vidi:
743 2661 811 2723 iem
839 2658 941 2723 tristis
968 2664 1002 2723 ei

54 2743 112 2808 lem
143 2749 235 2811 sirox
267 2749 317 2810 esi
352 2739 584 2831 ἀναθεώρησις
614 2747 710 2812 huius
741 2747 884 2832 ingeniis
916 2747 1001 2812 mali.
1132 2746 1134 2754 ’

54 2826 194 2899 Deleclus
207 2833 378 2919 hebeniur,
399 2835 435 2899 in
453 2835 589 2900 hiberna
602 2835 816 2900 deducuntur:
840 2857 886 2920 ee,
909 2856 1002 2919 quae,

55 2919 141 2986 eliam
172 2944 272 3006 quum
303 2944 324 2988 u
354 2923 449 2988 bonis
478 2924 568 3007 viris,
600 2945 699 3008 quum
725 2924 812 2989 iusto
842 2924 879 2987 in
907 2923 1001 3006 bello,

56 3027 142 3090 quum
170 3011 316 3077 modeste
347 3011 444 3097 fiunt,
474 3015 585 3077 lamen
610 3013 683 3097 ipss
713 3033 771 3096 per
805 3032 839 3076 se
866 3012 1002 3076 moleste

56 3101 133 3182 sunt,
154 3120 251 3184 quem
279 3121 389 3166 censes
417 3101 532 3165 acerbe
553 3122 641 3166 nunc
664 3122 746 3184 esse,
769 3121 868 3183 quum
890 3121 910 3164 e
931 3119 1001 3182 pcr-

56 3182 120 3250 ditis
149 3187 185 3252 iu
217 3187 303 3252 civili
333 3189 459 3254 nefario
495 3189 580 3254 bello
616 3188 873 3278 petulantissime
908 3185 1004 3252 fiunti

116 3413 166 3486 Ep.
186 3422 228 3484 18,
247 3423 272 3474 3.
305 3420 406 3474 eosne
429 3419 550 3475 comdiis
574 3418 658 3486 (Ἧι
695 3417 746 3487 Ep.
767 3422 814 3482 19,
834 3422 857 3471 1.
890 3433 909 3471 a
922 3415 1004 3484 perdr

57 3482 147 3542 uerus
165 3489 197 3542 in
214 3489 323 3556 nefario
343 3490 427 3560 (W.)?
455 3508 474 3546 u
487 3507 518 3560 p.
537 3489 642 3545 civibus
659 3489 692 3545 iu
709 3489 786 3544 ciuili
803 3487 857 3554 nes.
876 3485 904 3540 h.
939 3504 957 3540 u
970 3503 1005 3555 p.

57 3552 82 3607 u
97 3555 192 3629 [serzi]
210 3575 238 3615 n.
258 3559 324 3629 (w.)
