2608 3972
31 15 241 119 ,Γ
351 111 355 118 ,

206 256 469 314 nersromnun
486 258 536 314 au
555 258 720 334 rancun
735 260 770 315 11.
791 266 831 316 ιι.
852 265 894 316 1s.
984 255 1029 324 65

66 403 150 468 hora
164 403 289 469 decima
304 402 490 488 Cerialibus,
514 405 633 489 stadim,
655 408 692 471 ul
710 409 784 470 tuas
797 396 949 491 legeram,
972 406 1028 471 sed

67 514 122 556 eas
137 511 228 556 eram
241 492 385 575 daturne,
407 495 445 556 ui
464 491 628 577 putabam,
649 493 804 577 postridie
818 494 857 578 ei,
879 495 935 578 qui
948 495 1029 559 mihi

68 580 193 663 primus
217 579 346 646 obviam
368 581 517 646 venissel.
495 579 697 645 lTerentia
719 545 876 646 deleclais
899 585 949 648 esc
963 582 1028 646 luis

68 668 198 734 litteris:
222 668 368 776 imper-lii
389 668 450 732 libi
473 669 608 733 multam
631 669 777 752 salutem,
798 666 853 734 καὶ
877 667 1030 755 Κικέρων
1125 759 1133 778 .

66 749 87 819 d
110 753 301 839 φιλόσοφος
321 751 383 822 τὸν
404 751 579 822 πολιτικὸν
603 759 704 822 Τίτον
726 719 911 835 decolletur.

506 1071 596 1136 XIII.

117 1210 178 1264 Ser.
197 1209 228 1263 in
246 1208 396 1264 Formiano
415 1225 510 1264 mense
528 1209 720 1336 Αρήῢλέΰφοελ
737 1209 810 1266 XIII.
829 1210 861 1265 K.
881 1209 982 1284 Maias)

458 1295 482 1332 a.
502 1296 529 1334 u.
548 1296 571 1334 c.
644 1323 649 1334 .

364 1401 493 1457 CICERO
512 1401 647 1459 ATTICO
667 1402 742 1458 SAL.

136 1528 279 1594 Facinus
311 1527 496 1613 indignum!
533 1529 704 1613 epistolam
740 1523 888 1614 αὐθωρεὶ
919 1529 980 1592 libi
1013 1547 1059 1592 ar

72 1616 189 1682 Tribus
227 1615 384 1688 Tabernis
419 1616 608 1700 rescriptam
644 1617 685 1681 ad
717 1620 790 1682 luas
827 1617 1032 1683 suavissimas

74 1705 228 1788 epistolas
251 1705 416 1770 neminem
436 1704 624 1770 reddidisse!
661 1703 709 1769 At
735 1705 816 1771 scito
844 1727 917 1770 eum
938 1705 1032 1770 fasci·

74 1794 198 1876 culum,
226 1814 289 1876 quo
312 1793 403 1856 illam
424 1793 637 1877 conieceram,
672 1793 804 1858 domum
826 1813 864 1857 eo
887 1793 958 1876 ipso
982 1793 1032 1857 die

74 1882 177 1944 latum
200 1901 279 1964 esse,
301 1901 365 1964 quo
389 1901 449 1965 ego
473 1880 632 1965 dederam,
654 1884 688 1945 el
710 1881 752 1945 ad
774 1902 825 1945 me
840 1881 876 1945 in
889 1879 1032 1945 Formia-

75 1990 154 2032 num
176 1968 316 2032 relatum
338 1989 420 2050 esse3
442 1969 551 2052 itaque
574 1969 634 2032 libi
657 1972 748 2032 tuam
762 1969 932 2052 epistolam
953 1969 1033 2034 iussi

75 2056 201 2140 referri,
234 2077 273 2120 ex
300 2077 364 2139 qua
389 2056 600 2141 intelligeres,
631 2077 729 2140 quam
755 2057 836 2121 mihi
862 2060 933 2120 lum
959 2057 1033 2120 illae

77 2148 189 2230 gratae
212 2144 359 2210 fuissent.
385 2143 508 2208 Romae
523 2144 609 2228 quod
627 2145 740 2209 scribis
763 2145 858 2227 sileri,
880 2144 927 2208 ila
939 2147 1060 2228 pule-¹

77 2233 166 2316 bam,
189 2235 225 2296 at
246 2231 376 2296 hercule
398 2231 434 2294 in
457 2231 543 2316 agris
566 2253 634 2297 non
656 2232 781 2315 silelur,
803 2252 863 2295 nec
884 2231 950 2294 iam
970 2231 1035 2314 ipsi

78 2321 148 2405 agri
177 2340 316 2403 regnam
347 2321 489 2384 vestrum
519 2319 604 2384 ferre
634 2321 781 2405 possun'a
827 2317 861 2383 si
892 2340 967 2382 vero
999 2319 1034 2382 in

78 2410 162 2473 hanc
180 2405 373 2489 Τηλέπυλον
395 2407 520 2472 veneris
534 2410 805 2493 Λαιστρυγονίην
828 2405 1034 2472 -.Formias

79 2496 149 2561 dico
173 2533 228 2578 —,
249 2496 305 2579 qui
327 2494 475 2560 fremilus
497 2494 678 2560 hominum!
707 2517 803 2579 quam
824 2495 899 2559 irati
922 2495 1033 2560 animi!

79 2588 202 2667 quanto
226 2584 262 2647 in
281 2582 354 2648 odio
377 2587 488 2649 noster
502 2584 623 2648 amicus
637 2582 789 2669 Magnus!
813 2584 902 2648 cuius
917 2603 1034 2668 cogno-

80 2694 152 2737 men
174 2694 242 2736 una
263 2693 337 2736 cum
350 2669 458 2736 Crassi
471 2670 589 2736 Divitis
612 2672 804 2757 cognomine
827 2672 1034 2735 consenescit.
1142 2701 1148 2714 ·

80 2758 198 2824 Credas
212 2759 294 2823 mihi
311 2759 420 2824 velim:
442 2760 605 2824 neminem
619 2759 723 2824 adhuc
737 2759 865 2842 offendi,
887 2759 942 2842 qui
954 2758 1035 2825 haec

81 2853 145 2912 lam
160 2849 258 2929 lente,
281 2869 378 2931 quam
392 2867 452 2932 ego
469 2847 548 2931 fero,
569 2847 677 2912 ferrei
704 2846 818 2930 Quare,
840 2847 1035 2929 mihicrede,

82 2935 329 3018 φιλοσοφῶμεν
353 2935 476 2999 iuratus
498 2935 559 3000 libi
581 2956 713 3018 possum
736 2934 839 2999 dicere
862 2934 943 2998 nihil
966 2953 1035 2997 esse

83 3025 172 3087 lonlei.
209 3022 260 3086 Tu
283 3024 310 3087 si
333 3022 374 3086 ad
396 3020 562 3106 Sicyonios
585 3023 708 3086 lilleras
730 3021 841 3104 habes,
863 3020 978 3086 advola
1000 3021 1033 3084 in

84 3109 303 3194 Formianum,
335 3110 420 3174 unde
447 3131 508 3174 nos
541 3109 643 3194 pridie
670 3107 783 3175 Nonas
810 3108 913 3174 Maias
950 3106 1049 3182 cogn,

82 3203 194 3264 lamus.

151 3443 203 3513 Ep.
224 3447 266 3510 12,
286 3447 311 3496 4.
330 3441 485 3496 Cerealibus
502 3441 628 3511 (Ελλ-
596 3445 707 3510 -tpu
696 3441 788 3494 tubam
807 3437 882 3506 (W.).
903 3441 1037 3506 pulcrum

88 3511 174 3582 vulgo
211 3485 437 3636 ElgioevlmB
372 3529 398 3566 ιι.
414 3513 579 3582 Moenus..
595 3510 661 3566 .ον
675 3510 781 3564 Divitis
798 3507 914 3577 (.vulgo)
928 3525 954 3562 c.
965 3507 1036 3580 [M]

16 3621 18 3634 .
108 3529 196 3637 ..ἐΰν
218 3582 229 3652 [
269 3581 429 3653 ]Bool,B

17 3675 19 3747 ,
135 3669 198 3712 Cicer
186 3671 279 3711 ronire
267 3670 330 3720 pua
343 3671 379 3711 11
860 3670 876 3716 5
