2574 3966
215 253 473 310 EPISTOLARUM
491 253 540 309 AD
558 253 722 310 ATTIGUM
739 253 801 310 XII.
821 261 861 308 1³.
882 261 923 308 14.
979 252 1047 317 425

59 398 243 464 dictorem
266 398 398 464 uidebis.
430 397 523 474 Quod
545 419 597 463 me
611 399 652 463 ab
675 399 895 464 hocmaerore
909 397 1072 463 recrearis

59 488 144 568 vis,
172 486 266 570 facis,
287 489 326 550 ut
348 487 471 569 omnia3
502 487 557 551 sed
581 509 632 551 me
654 487 734 551 mihi
756 508 824 551 non
847 487 987 553 defuisse
1009 490 1046 551 tu

60 575 178 638 testis
201 596 249 638 es:
281 575 364 639 nihil
392 575 478 640 enim
500 575 562 658 „de
584 596 728 640 maerore
751 573 949 640 minuendo“
971 575 1047 640 sori·

62 667 178 747 ptum
202 663 243 726 ab
266 663 333 728 ullo
353 667 411 747 eat,
434 662 521 747 qnod
535 683 596 749 ego
610 684 677 728 non
692 663 779 728 domi
801 666 876 727 tuae
899 664 1047 748 legerim3

64 751 137 815 sed
166 773 296 815 omnem
318 752 573 817 consolationem
596 751 697 816 vincit
713 751 812 816 dolor.
841 749 1048 826 Quinetiam

64 839 161 920 feci,
184 840 270 923 quod
293 839 438 924 profecto
462 843 537 904 ante
560 861 611 904 me
633 861 744 925 nemo,
765 843 803 903 ut
824 839 893 923 ipae
916 860 967 904 me
989 861 1049 924 per

66 929 211 992 litteras
235 929 440 1013 consolarer‚-
459 949 553 1012 quem
575 927 693 993 libmm
721 927 762 992 ad
788 931 821 991 te
847 927 989 1012 mittam,
1020 927 1048 992 si

70 1016 315 1100 descripserint
341 1015 478 1080 librarii:
512 1015 638 1082 affirmo
665 1016 726 1081 tibi
748 1017 872 1081 nullam
894 1013 1049 1082 Consola-

70 1106 210 1170 tionem
234 1125 303 1168 esse
324 1105 432 1169 talem.
464 1103 565 1170 Totos
579 1106 647 1169 (lies
661 1105 776 1190 scribo,
797 1126 866 1170 non
888 1125 952 1189 quo
975 1126 1049 1188 pro·

72 1193 194 1256 ficiam
217 1193 307 1277 quid,
339 1192 394 1257 sed
421 1193 581 1277 tantisper
606 1193 776 1278 impedior,
807 1214 876 1258 non
902 1191 1050 1277 equidem

77 1282 225 1346 satis-
239 1282 288 1344 vis
305 1281 391 1345 enim
413 1286 508 1367 urget
522 1319 574 1367 —,
597 1282 652 1346 sed
674 1282 801 1347 relaxor
823 1285 933 1346 tamen
947 1281 1049 1346 omni·

79 1391 150 1454 que
163 1370 197 1434 vi
216 1369 327 1452 enitor,
349 1390 417 1434 non
432 1370 472 1434 ad
487 1370 640 1455 animum,
662 1371 718 1435 sed
732 1370 773 1434 ad
787 1370 912 1436 vultum
934 1370 1050 1453 ipsum,

81 1459 117 1522 si
132 1473 265 1541 queam,
287 1457 503 1544 reficiendum,
524 1459 620 1543 idque
639 1458 762 1523 faciens
785 1457 948 1523 interdum
970 1457 1050 1522 mssri

81 1567 222 1630 peccare
236 1547 355 1630 videor,
367 1547 530 1611 interdum
543 1551 733 1633 peccaturus
748 1568 827 1631 esse,
846 1546 911 1612 nisi
923 1546 1050 1611 faciam.

85 1631 237 1699 Solitudo
261 1635 381 1718 aliquid
404 1635 550 1720 adiuvat,
573 1635 628 1700 sed
651 1636 754 1701 multo
776 1636 850 1721 plus
872 1635 1051 1720 proficeret,

87 1723 117 1786 si
143 1726 182 1787 tu
212 1727 322 1788 tamen
347 1723 533 1809 interesses,
565 1743 647 1808 quae
677 1724 758 1789 mihi
783 1745 851 1789 una
878 1745 974 1789 causa
1002 1727 1052 1788 est

86 1811 167 1875 hinc
191 1810 430 1876 discedendi-
444 1833 521 1877 nam
544 1835 602 1897 pro
625 1813 720 1877 malis
735 1816 821 1878 recte
842 1812 986 1878 habebat
999 1848 1052 1896 —‚

90 1921 287 1984 quamquam
309 1901 345 1965 td
371 1901 478 1984 ipsum
500 1901 607 1986 doleo,
638 1922 707 1966 non
734 1901 820 1965 enirn
846 1900 912 1964 iam
938 1901 973 1964 in
1000 1921 1051 1965 me

90 1988 179 2052 idem
201 2008 270 2052 esse
293 1989 428 2074 poteris:
450 1990 615 2073 perierunt
636 1989 702 2073 illa,
725 2010 806 2073 quae
830 1988 971 2052 amabas.
1002 1987 1079 2053 De⁴

91 2074 188 2141 Bruti
211 2075 252 2140 ad
274 2098 325 2142 me
347 2077 464 2142 litteris
487 2077 601 2160 scripsi
623 2076 665 2141 ad
686 2080 719 2140 te
742 2079 851 2140 antea:
877 2075 1053 2158 prudenter

91 2165 245 2248 scriptae,
276 2165 332 2230 sed
359 2166 457 2250 nihil,
487 2186 551 2250 quo
578 2185 630 2230 me
652 2163 850 2229 adiuvarent.
895 2161 988 2238 Quod
1011 2163 1053 2228 ad

92 2256 125 2318 te
150 2253 289 2338 scripsit,
310 2253 344 2318 id
366 2255 490 2336 vallem,
513 2253 631 2337 utipse
652 2251 792 2317 adessetz
814 2253 900 2316 certe
923 2251 1054 2334 aliquid,

92 2341 248 2426 quoniam
270 2364 321 2407 me
344 2347 412 2407 tam
433 2341 526 2406 valde
550 2343 651 2424 amat,
682 2341 885 2423 adiuvarent3
915 2339 1002 2424 quod
1025 2339 1054 2403 si

92 2430 172 2513 quid
203 2430 297 2513 scies,
328 2431 450 2495 scribas
482 2430 523 2494 ad
550 2451 601 2494 me
628 2429 738 2507 velim,
768 2428 906 2492 maxime
936 2431 1054 2512 autem,

92 2517 202 2584 Pansa
225 2519 362 2602 quando.
397 2518 447 2584 De
469 2517 581 2583 Attica
603 2517 706 2601 doleo,
728 2517 822 2582 credo
844 2520 955 2580 tamen
978 2513 1053 2580 Ora·

92 2609 173 2672 tero.
217 2605 332 2671 Piliam
356 2607 433 2694 angi
459 2609 546 2671 veta:
583 2605 662 2670 satis
685 2608 734 2671 est
756 2627 807 2670 me
830 2625 971 2670 maerere
993 2626 1053 2689 pro

93 2695 255 2760 omnibus.

166 2867 217 2939 Ep.
238 2874 280 2935 14,
299 2875 324 2924 3.
358 2868 464 2924 Ooaaot
485 2869 559 2938 (W).
583 2884 653 2923 cona.
674 2868 767 2952 vulgo.
787 2898 820 2909 -
839 2867 980 2936 impedior,
998 2881 1055 2920 aon

93 2939 211 3010 (vulgo).
230 2940 249 2993 i.
267 2939 334 2994 Non
352 2935 418 3008 (On,
436 2940 496 3010 B.)?
510 2969 545 2979 —-
563 2941 688 3008 orantque
704 2955 733 2993 vs
751 2939 839 3020 enitor
857 2938 932 3006 (W.).
951 2938 1055 2990 ornata·

93 3027 145 3080 que
163 3011 239 3064 nitor
256 3010 294 3079 Z„
316 3027 368 3078 vc,
386 3011 446 3078 Ma,
465 3009 527 3064 cdd.
546 3009 621 3075 Mal,
639 3008 672 3063 a
700 3010 738 3064 ad
753 3023 895 3076 maraque
908 3024 935 3062 a.
954 3006 1020 3072 Mn·
1033 3007 1054 3060 Ι.

94 3083 221 3150 omnique
238 3082 267 3134 vi
283 3081 359 3164 nitor
377 3081 418 3148 (B.
435 3098 469 3135 ex
482 3081 572 3134 altera
581 3079 626 3134 W.
641 3078 743 3162 conj.)?
761 3109 797 3119 —-
813 3079 938 3162 ocimum
954 3079 1055 3145 ipsam,

92 3153 142 3208 aad
158 3153 248 3234 aaa,
265 3165 290 3206 ss
308 3151 393 3220 (W.)?
412 3170 447 3218 a„
464 3151 511 3206 aed
529 3151 566 3204 ad
583 3166 618 3216 a,
636 3151 667 3203 ad
684 3165 775 3216 speum
792 3164 817 3202 sc
835 3148 921 3217 (ΟΨ
955 3155 982 3230 ,4.
1001 3163 1055 3216 quo

93 3240 136 3367 pp
153 3224 320 3347 odaucer-erg
338 3221 432 3292 (Aql.).
459 3221 531 3292 qaod
548 3237 589 3276 mc
606 3237 632 3276 a.
652 3220 736 3274 MRI.
763 3219 835 3290 qaod
853 3235 893 3273 me
911 3219 1055 3274 mouserot

137 3335 154 3364 .,
172 3299 221 3362 αἳ,
240 3309 273 3362 a,
314 3333 323 3348 .
