2582 3980
107 9 167 41 *¹-

181 269 444 328 EPlSTOLARUM
461 271 512 328 AD
529 271 696 328 ATTICUM
714 272 775 331 XV.
794 279 908 331 27-22.
957 272 1025 340 575

485 537 604 606 XXIX.

65 661 121 715 Ser.
145 660 176 715 iu
198 659 349 716 Formiano
373 677 397 714 a.
421 660 449 715 d.
470 661 518 716 111.
537 661 634 716 Nonas
653 659 807 727 Quinctiles
831 677 856 718 a
874 678 901 716 u.
920 678 944 718 c.
964 668 1024 718 710.

332 765 482 822 OIOERO
503 767 655 824 ATTIOO
673 766 756 824 SAL.

129 873 227 940 Bruti
257 875 299 941 ud
328 877 363 941 ta
390 875 560 960 epistolam
587 877 673 942 misi:
710 877 743 942 di
774 876 865 942 bonil
902 880 1051 960 quantas

63 959 245 1048 ἀμηχανίαὶ
268 985 453 1050 cognosces,
476 985 574 1048 quum
593 965 718 1050 legeris.
746 965 795 1031 De
810 966 1024 1032 celebratione

62 1054 215 1118 ludorum
236 1052 331 1118 Bruti
353 1053 414 1118 tibi
436 1053 603 1119 assentior.
631 1054 684 1118 Ad
706 1053 750 1119 M.
763 1054 894 1119 Aelium
915 1055 1025 1119 nullus

62 1148 99 1208 tu
122 1143 253 1226 quidem
266 1142 408 1226 damma
430 1142 487 1207 aad
509 1142 612 1208 sicubi
626 1142 784 1208 inciderit.
812 1142 860 1208 De
874 1142 1024 1208 Tulliano

63 1231 197 1296 semisse
224 1230 268 1296 M.
295 1229 458 1296 Axiauum
485 1231 667 1317 adhibebis,
697 1236 736 1298 ut
764 1231 886 1298 scribis.
931 1231 1025 1308 Quod

62 1342 137 1386 cum
169 1317 355 1399 †Ooaiauo
383 1321 492 1406 egisti,
524 1321 653 1404 optime.
698 1320 791 1397 Quod
822 1341 890 1387 uon
920 1321 1025 1385 solum

61 1430 145 1491 mea,
167 1429 279 1474 verum
301 1409 398 1473 etiam
413 1412 470 1474 tua
492 1409 578 1489 †me
593 1409 732 1494 expedis,
754 1412 891 1494 gratum
923 1407 1025 1495 Lega-

61 1498 188 1562 tionem
210 1497 341 1582 probari
363 1519 468 1562 meam
491 1498 625 1583 gaudeo.
672 1496 764 1574 Quod
787 1498 962 1582 promittis,
992 1497 1025 1561 di

61 1585 183 1650 faxint!
207 1623 249 1634 -
273 1586 351 1671 quid
373 1586 459 1651 enim
482 1585 562 1651 mihi
584 1586 664 1652 meis
683 1586 877 1652 iucundius?
890 1609 946 1669 -3
969 1585 1023 1651 aad

62 1675 171 1759 istam,
194 1695 291 1759 quam
313 1678 350 1739 tu
372 1675 502 1760 excipis,
524 1677 642 1742 metuo.
676 1675 814 1742 Brutum
828 1697 928 1760 quum
950 1696 1024 1740 con·

63 1755 590 1919 :ascraeum
612 1762 1026 1918 &collaetatus

62 1939 199 2024 Mundo,
222 1940 249 2005 si
263 1901 340 2026 duid
354 1941 445 2006 scies.
470 1941 633 2026 Rescripsi
655 1941 825 2006 adomnia
846 1902 1052 2005 tuasnuner

62 2031 180 2094 nostra
211 2031 329 2114 accipe.
378 2029 517 2106 Quintus
548 2030 633 2094 filius
665 2050 766 2112 usque
797 2026 950 2092 Puteolos
981 2063 1024 2075 -

64 2119 167 2182 mirus
191 2118 278 2203 civis,
300 2121 338 2182 ut
360 2121 396 2182 tu
409 2116 589 2183 Favonium
609 2116 794 2196 tasinium
817 2115 904 2181 dicas
918 2151 970 2199 -,
993 2117 1027 2179 et

64 2205 197 2290 quidem
220 2206 300 2271 duas
323 2205 364 2272 cb
388 2227 514 2271 causas:
538 2209 571 2270 et
592 2209 629 2271 ut
651 2209 777 2270 mecuni
791 2207 824 2269 et
845 2205 917 2285 †ut
937 2205 1026 2268 σπεί-

66 2299 194 2359 σασθαι
216 2295 287 2360 vult
309 2316 382 2360 oum
395 2293 498 2359 Bruto
521 2291 682 2360 ethssio.
712 2291 774 2359 Sed
796 2296 833 2358 tu
856 2292 933 2377 quid
956 2291 1026 2356 aia?

66 2384 134 2449 scio
167 2383 253 2447 enim
283 2387 317 2449 te
347 2382 539 2448 familiarem
567 2405 636 2448 esse
664 2381 839 2448 Othonum.
884 2380 942 2445 Ait
972 2380 1026 2445 hic
1084 2389 1089 2402 ·

66 2471 129 2536 sibi
151 2469 268 2536 Iuliam
290 2472 390 2556 ferre,
412 2472 625 2537 constitutum
647 2472 732 2535 euim
756 2491 825 2535 esse
849 2469 1026 2534 discidium.

66 2559 234 2636 Quaesivit
256 2582 295 2626 ex
316 2581 368 2626 me
390 2564 492 2646 pater,
514 2561 619 2645 qualis
633 2563 718 2624 esset
731 2559 832 2624 fama:
856 2557 922 2623 dixi
943 2557 1027 2622 nihil

67 2670 146 2714 sanc
169 2671 220 2714 me
244 2649 371 2715 audisse
395 2684 437 2695 -
460 2650 643 2714 nesciebam
662 2646 758 2732 enim,
780 2667 837 2712 cur
859 2649 1027 2732 quaereret

69 2774 108 2785 -
134 2737 198 2802 nisi
226 2737 265 2802 de
289 2758 344 2804 ore
372 2740 405 2802 et
426 2739 528 2821 patre.
571 2734 653 2821 „sed
675 2735 853 2821 quorsus‘fl
884 2736 1026 2819 inquam.

67 2825 113 2890 At
135 2826 201 2910 ille,
220 2825 324 2891 filium
346 2827 437 2891 uelle.
482 2824 566 2891 Tum
588 2845 659 2910 ego,
687 2825 749 2890 etsi
771 2820 1026 2908 ἐβδελυττόμην,

137 3053 191 3125 Ep.
211 3060 254 3122 29,
275 3062 298 3109 1.
326 3054 478 3122 wartono
498 3053 610 3123 (Mill).
632 3053 738 3111 Cosano
757 3069 790 3120 a,
809 3049 904 3121 vulgo.
923 3080 959 3090 —
976 3054 1027 3104 tau

68 3130 85 3192 †
103 3141 144 3180 ase
163 3124 250 3193 (MR,
269 3126 335 3194 W.).
354 3130 404 3180 luc
422 3127 462 3194 (Ι.,
481 3125 578 3194 vulgo)
596 3126 646 3179 aut
663 3129 714 3179 tuo
727 3137 811 3178 caasa
827 3137 869 3176 me
887 3121 927 3189 (Β.
942 3120 1025 3190 conj.)

68 3199 118 3251 aut
135 3201 186 3250 tac
203 3197 272 3251 mibi
289 3195 365 3266 (Or).
403 3200 453 3250 tac
469 3212 510 3250 me
528 3195 558 3249 Β.
610 3202 634 3249 2.
666 3201 717 3249 tua
734 3192 799 3247 incl.
818 3190 895 3262 typis
913 3191 954 3258 13,
976 3191 1026 3245 aed

68 3267 174 3322 habent
187 3267 244 3334 Zb.,
254 3283 306 3336 vc,
320 3267 351 3320 F.
366 3297 399 3306 —
419 3266 455 3320 F.
470 3266 628 3334 Maiam
642 3266 716 3334 (W.).
736 3263 772 3317 F.
791 3264 906 3318 situum
920 3261 1026 3400 (Epppl

70 3370 102 3378 -
126 3343 151 3392 ct
168 3343 187 3406 †
205 3343 237 3392 at
255 3355 299 3393 aa.
319 3337 422 3406 (Mal,
445 3337 510 3406 W.).
543 3342 568 3390 ct
585 3338 657 3407 qaod
681 3335 735 3404 (vel
754 3339 778 3389 et
796 3335 872 3404 quio)
896 3350 940 3388 σπ.
1009 3334 1025 3401 .)

70 3411 118 3464 aut
126 3415 151 3464 et
161 3427 205 3463 ca.
216 3410 262 3478 (a,
271 3409 377 3479 vulgo).
390 3439 426 3449 -
439 3408 517 3478 quali
525 3407 573 3476 (W
574 3450 589 3476 .,
599 3408 632 3461 ut
640 3407 702 3476 R.)?
721 3406 765 3460 Au
774 3406 865 3475 qualis
874 3405 932 3458 eiua
941 3403 1026 3472 (W.)?

70 3482 161 3550 quales
178 3479 237 3534 Ml.
263 3481 353 3550 qualis
370 3480 429 3549 Ml,
449 3480 478 3547 Ι.,
497 3478 591 3549 uulgo.
611 3509 644 3518 -
662 3477 720 3532 aisa'
737 3477 769 3532 dc
787 3491 832 3532 ore
851 3475 965 3546 (vulgo).
997 3491 1025 3528 a.

70 3553 137 3618 ide
154 3567 178 3606 o.
199 3549 254 3620 On,
273 3551 304 3606 B.
329 3581 365 3591 -
391 3568 419 3606 a.
434 3555 537 3618 potore
554 3566 595 3604 ase
612 3549 663 3603 illa
682 3549 742 3617 (vc,
761 3547 829 3602 Zb..
856 3563 897 3601 mc
914 3563 942 3600 a.
958 3561 987 3612 p.
1006 3546 1025 3598 i.

71 3622 99 3678 Β.
114 3640 148 3679 ex
167 3637 219 3678 ena
232 3621 350 3692 conjsn.
364 3622 466 3691 putaui
483 3622 502 3675 i.
517 3619 578 3675 cdd.
593 3619 669 3689 Mal,
686 3619 708 3674 1.
726 3635 754 3674 a.
825 3617 920 3674 abolla
936 3615 1026 3690 Mau
