2582 3980
241 215 306 282 606
522 217 561 272 ll„
579 217 704 274 mnu
720 215 917 272 CICERONIS

241 365 275 426 et
285 365 423 445 paterne
435 360 674 434 necessitudine
684 362 895 434 com'unctum
908 382 1034 445 semper
1047 360 1195 443 habuisti,

240 449 380 514 maximo
403 450 560 518 beneficio
573 450 759 516 devinctum
771 448 917 533 hebebis,
938 449 1035 534 idque
1048 453 1087 515 ut
1097 449 1194 514 lucius

239 542 273 602 te
295 537 502 612 vehementer
523 539 622 606 etiam
644 543 742 624 atque
764 539 862 607 etiarn
884 559 976 624 rogo.

705 732 740 799 0.

467 853 596 910 CICERO
615 854 788 910 CAPITONI
805 854 874 910 SUO
894 853 970 910 sm..

201 978 227 1020 ¹⁰
306 962 493 1048 Numquam
514 964 626 1048 putavi
638 965 719 1046 fore,
741 968 779 1028 ut
798 964 934 1047 supplex
947 963 989 1026 ad
1001 965 1035 1027 te
1048 963 1197 1045 venirem,

241 1053 297 1116 sed
318 1053 447 1118 hercule
464 1053 559 1118 fusile
580 1053 688 1136 patior
701 1053 813 1116 datum
825 1057 963 1136 tempus,
984 1052 1021 1116 iu
1035 1073 1099 1136 quo
1113 1073 1196 1116 amo

239 1163 502 1313 ffilegpffl
512 1145 614 1294 tiiiilii
627 1141 1198 1302 etAddlliJnirbhffirdahff'oddsd

240 1318 331 1384 illum
345 1318 519 1403 aliquando
534 1341 592 1384 suo
606 1318 768 1401 familiari,
781 1318 964 1385 edversario
978 1321 1046 1401 tuo,
1058 1318 1196 1384 voluisse

240 1407 437 1492 consultum,
465 1429 564 1492 quum
590 1407 677 1472 illius
705 1406 899 1472 existimatio
922 1410 1082 1492 ageretur.
1126 1405 1196 1473 Hoc

238 1496 379 1581 primum
400 1497 568 1582 ignoscere
590 1500 641 1560 est
661 1495 874 1562 humanitatis
896 1499 987 1579 tuse,
1011 1517 1090 1560 suos
1113 1495 1196 1568 euius

240 1585 374 1670 quisque
404 1586 499 1650 debet
526 1583 623 1668 tueri,
656 1583 784 1668 deinde,
816 1583 922 1651 sime
949 1605 1054 1666 umes,
1086 1584 1196 1651 omitte

238 1673 399 1757 Atticum,
421 1671 568 1740 Ciceroni
590 1677 664 1758 tuo,
686 1694 781 1756 quem
805 1673 919 1757 quanti
940 1672 1041 1738 facias
1063 1695 1143 1756 prae
1164 1675 1197 1736 te

239 1761 323 1826 soles
349 1761 447 1846 ferre,
477 1765 584 1826 totum
614 1761 678 1826 hoc
705 1761 760 1844 da,
790 1766 841 1845 ut,
872 1759 959 1846 quod
991 1783 1119 1845 semper
1148 1783 1197 1844 ex·

239 1850 393 1936 istimuvi,
423 1872 511 1916 nuno
538 1851 635 1934 plane
662 1849 872 1934 intelligam,
887 1871 938 1914 me
962 1871 982 1912 a
1003 1853 1036 1912 te
1059 1851 1197 1914 multum

199 1952 224 1991 ¹¹
239 1940 349 2006 amari.
393 1939 583 2006 Buthrotios
606 1961 706 2026 quum
728 1935 848 2003 Cacsar
870 1938 997 2003 decreto
1019 1960 1090 2022 suo,
1113 1937 1197 2022 quod

240 2050 300 2114 ego
324 2028 494 2114 obsignavi
516 2050 590 2093 cum
611 2027 722 2093 multis
745 2027 952 2111 amplissimis
974 2026 1060 2110 viris,
1083 2027 1196 2090 libera-

240 2117 338 2182 visset
361 2117 617 2202 ostendissetque
639 2115 734 2181 uobis
757 2137 806 2200 se,
837 2136 937 2198 quum
960 2115 1079 2200 agrarii
1109 2137 1196 2180 mare

238 2206 443 2290 transissent,
469 2206 594 2270 litteras
617 2204 804 2288 missurum,
830 2225 925 2288 quem
948 2204 983 2268 in
1006 2225 1123 2288 agrum
1145 2205 1196 2268 de-

239 2293 439 2378 ducerentur,
461 2294 586 2372 accidit‚
609 2297 646 2359 ut
668 2293 774 2358 subito
797 2292 852 2356 ille
875 2292 1030 2356 interiret.
1061 2291 1197 2376 Deinde,

239 2359 508 2465 quemadmodum
529 2385 566 2447 tu
590 2381 652 2446 scis
665 2419 709 2428 —
722 2381 899 2445 interfuisti
921 2381 1008 2445 enim
1021 2417 1074 2465 -—,
1097 2403 1197 2466 quum

239 2472 387 2536 consules
410 2473 574 2556 oporteret
596 2491 635 2535 ex
657 2473 789 2535 senatus
807 2470 955 2534 consulto
970 2468 1009 2533 de
1023 2470 1105 2534 sctis
1119 2467 1196 2536 Oee-

239 2558 321 2622 caris
344 2580 546 2644 cognoscere,
568 2581 619 2624 res
643 2558 745 2624 abiis
767 2558 803 2622 in
826 2557 898 2622 Kal.
921 2557 991 2622 Iun.
1014 2559 1117 2623 dilata
1139 2563 1196 2623 est

238 2644 384 2710 Accessit
411 2647 451 2711 ad
480 2650 610 2712 senatus
638 2647 821 2712 consultum
846 2647 911 2730 lex,
943 2667 1025 2730 quae
1051 2648 1121 2712 lata
1146 2651 1197 2712 est

239 2757 266 2800 a.
280 2734 309 2799 d.
332 2752 391 2800 1111.
413 2733 508 2818 Non,
531 2757 612 2820 quae
634 2736 818 2804 leucarum
840 2757 957 2818 rerum,
979 2758 1062 2821 ques
1078 2733 1197 2800 Caesar

238 2824 413 2908 statuisset,
427 2823 626 2908 decrevisset,
640 2825 767 2910 egisset,
781 2824 966 2890 consulibus
976 2825 1196 2909 cognitionem

238 2913 335 2978 dedit.
375 2910 481 2978 Causa
502 2909 748 2977 Buthrotiorum
770 2912 877 2978 delata
899 2915 949 2976 est
971 2912 1012 2976 ad
1035 2913 1197 2996 consules;

239 3001 401 3066 decretum
423 2999 569 3066 Oueseris
591 3000 762 3078 recitatum
784 3005 834 3066 est
856 3004 889 3064 et
910 3001 1004 3066 multi
1029 3005 1197 3085 praeterea

237 3089 339 3156 libelli
353 3086 498 3155 Caesaris
520 3089 652 3174 prolati:
676 3089 823 3154 consules
839 3087 878 3154 de
894 3089 1021 3154 consilii
1034 3089 1195 3154 sententis

238 3177 448 3245 decreverunt
462 3177 638 3244 secundum
651 3174 841 3242 Buthrotios
860 3177 1033 3260 litterasque
1045 3179 1090 3244 od
1100 3177 1194 3244 Plan-

239 3418 268 3472 0.
287 3351 360 3490 el:
380 3350 830 3492 el··0.1⁰r.u⁸euslu
845 3352 1194 3494 Μ,

237 3486 343 3544 hebent
352 3491 409 3558 ΖΙ),
418 3508 470 3559 ve,
479 3491 498 3545 1.
509 3493 573 3557 (om.
584 3493 688 3562 Mul).
718 3501 759 3548 11.
778 3493 863 3562 Nou,
876 3511 945 3564 quac
958 3492 1025 3564 (Ol,
1035 3495 1100 3564 W.).
1119 3494 1193 3549 Nou

239 3553 341 3628 [Iuo.]‚
358 3576 382 3628 q.
397 3561 428 3614 B.
441 3577 475 3614 ex
488 3561 533 3617 W.
546 3563 618 3632 conj.
640 3562 715 3620 Non.
730 3565 808 3632 Iseo,
822 3582 847 3634 q.
861 3565 955 3636 vulgo.
975 3595 1008 3606 -
1024 3565 1061 3620 Β,
1079 3565 1194 3622 litteras·
