2522 3960
254 207 321 273 226
540 207 578 261 Μ.
597 205 720 262 TULLII
739 206 931 263 CICERONIS

254 353 332 438 qnid
363 356 454 438 agat,
484 351 541 436 qui
572 351 700 435 qnidam
723 352 758 415 in
786 373 837 416 me
864 353 1002 436 turpiter
1027 353 1093 418 fuit
1117 355 1207 418 male·

254 442 360 507 volus:
392 440 481 505 dedit
502 440 714 526 integritatis,
735 440 893 524 iustitiae,
914 441 1119 525 clementiae,
1138 442 1206 506 fidei

254 529 335 594 mihi
348 528 580 612 testimonium,
593 528 680 613 quod
693 549 761 593 non
775 529 982 612 quaerebam3
1003 530 1091 614 quod
1103 534 1205 614 postu-

253 618 372 701 labam,
393 617 426 682 id
449 617 590 702 negavit
616 616 731 700 Itaque
745 615 864 682 Caesar
884 618 925 682 iis
947 618 1075 702 litteris,
1098 619 1205 702 quibus

254 706 335 770 mihi
357 705 540 792 gratulatur
562 708 596 769 et
622 705 732 770 omnis
757 705 941 790 pollicetur,
972 707 1132 790 quomodo
1158 729 1205 771 er·

254 795 355 861 sultat
377 791 510 860 Catonis
537 793 573 858 in
599 814 651 857 me
677 793 889 878 ingratissimi
915 794 1046 860 iniuria!
1092 794 1137 860 At
1156 796 1205 860 hic

253 883 340 948 idem
352 881 471 948 Bibulo
493 881 618 946 dierum
630 899 687 946 xx.
714 881 852 966 Ignosce
873 881 967 947 mihi:
989 904 1058 948 non
1079 905 1205 968 possum

227 971 334 1037 shaec
360 971 445 1036 ferre
471 991 532 1035 nec
560 970 672 1035 feram.
716 967 819 1054 Cupio
847 970 889 1034 ad
916 991 1028 1036 omnes
1050 975 1124 1036 tuas
1145 973 1204 1055 epi-

254 1061 368 1144 stolas,
399 1059 456 1124 sed
482 1058 564 1124 nihil
590 1079 720 1123 necesse
743 1062 805 1141 est3
835 1059 902 1124 iam
923 1060 1010 1124 enim
1032 1064 1066 1124 te
1087 1060 1204 1125 ridebo.

253 1147 339 1214 Illud
364 1152 475 1213 tamen
505 1147 545 1211 de
572 1143 753 1232 Chrysippo
785 1183 827 1194 -
855 1167 932 1212 nem
959 1147 998 1212 de
1025 1149 1127 1213 altero
1152 1148 1203 1212 illo

253 1239 361 1301 minus
384 1258 456 1300 snm
476 1235 663 1319 admiratus,
685 1235 831 1319 operario
854 1236 999 1319 homine;
1022 1237 1079 1300 sed
1101 1239 1203 1302 tamen

253 1345 295 1389 na
317 1324 373 1390 illo
397 1323 526 1408 quidem
549 1323 724 1407 quidquam
745 1324 980 1408 improbius-
995 1321 1203 1409 Chrysippum

253 1433 344 1496 raro,
375 1432 470 1496 qnam
501 1432 563 1498 ego
590 1415 724 1496 propter
753 1413 969 1480 litterularum
994 1413 1105 1478 nescio
1133 1413 1201 1497 quid

251 1501 391 1567 libenter
412 1500 491 1583 vidi,
522 1500 558 1565 in
584 1500 709 1565 honore
734 1499 848 1586 habui,
879 1501 1040 1566 discedere
1068 1523 1088 1565 a
1110 1523 1201 1585 puero

252 1590 409 1655 insciente
430 1590 494 1654 me!
531 1587 627 1654 Mitto
651 1589 728 1672 alia,
754 1610 837 1672 quaa
859 1590 955 1655 audio
977 1591 1094 1674 multe,
1115 1590 1200 1654 mitto

252 1678 353 1742 furta:
388 1677 501 1762 fugam
527 1698 596 1742 non
624 1677 709 1760 fero,
740 1698 806 1760 qua
827 1678 907 1744 mihi
928 1677 1011 1742 nihil
1033 1679 1138 1743 visum
1159 1681 1202 1742 est

253 1765 447 1832 sceleratius.
491 1764 605 1850 Itaque
632 1765 787 1849 usurpavi
812 1770 905 1832 vetus
927 1766 1008 1832 illud
1029 1765 1141 1850 Drusi,
1169 1769 1201 1830 ut
1244 1779 1245 1806 ³

252 1853 371 1938 ferunt,
393 1854 552 1938 praetoris
572 1853 609 1919 in
624 1875 672 1938 eo,
695 1853 750 1937 qui
764 1854 875 1920 eadem
896 1855 978 1922 liber
990 1875 1059 1920 non
1080 1856 1199 1934 iuraret

252 1964 304 2008 me
334 1942 416 2008 istos
444 1942 563 2008 liberos
588 1963 658 2008 non
686 1941 858 2027 addixisse,
889 1943 1079 2028 pracsertim
1110 1965 1199 2027 quum

252 2032 381 2096 adesset
401 2052 506 2116 nomo,
529 2053 549 2095 a
571 2053 635 2115 quo
656 2033 743 2096 recta
764 2031 1013 2097 vindicarentur.
1043 2030 1082 2096 Id
1104 2035 1149 2115 tn,
1168 2034 1199 2094 ut
1243 2073 1244 2082 2

252 2120 420 2203 videbitur,
441 2120 488 2186 ita
510 2118 662 2203 accipies:
685 2119 829 2205 egotibi
852 2120 1018 2185 assentiar.
1051 2119 1119 2186 Uni
1130 2123 1197 2183 tuae

253 2208 481 2274 disertissimae
504 2208 658 2292 epistolae
681 2229 749 2273 non
771 2208 933 2292 rescripsi,
952 2209 988 2274 in
1010 2229 1075 2291 qua
1097 2211 1145 2273 ast
1164 2206 1196 2269 de

252 2297 402 2381 periculis
422 2297 469 2362 rei
490 2296 650 2381 publicae:
674 2295 750 2379 quid
764 2294 992 2362 rescriberem?
1014 2295 1107 2360 valde
1119 2315 1196 2362 cram
1242 2357 1243 2368 ,

252 2385 472 2468 perturbatum
504 2384 574 2468 sed,
604 2387 643 2449 ut
671 2383 754 2448 nihil
783 2405 903 2470 magno
935 2385 1030 2469 opeie
1057 2388 1195 2463 metuam,

252 2469 366 2538 Parthi
386 2473 521 2558 faciunt,
543 2472 599 2556 qui
611 2475 744 2556 repente
756 2471 910 2539 Bibulum
927 2472 1114 2538 semivirum
1134 2470 1194 2536 reli·

254 2563 402 2644 querunt

702 2719 762 2786 111.

324 2839 380 2896 Sor.
399 2839 430 2896 in
448 2840 608 2898 Trebulano
626 2840 660 2897 V.
677 2841 743 2896 Idus
760 2840 927 2896 Decembres
946 2857 971 2895 a.
990 2857 1015 2894 u
1035 2857 1057 2896 c
1078 2845 1136 2896 ¹104.

539 2945 670 3002 CICERO
687 2944 821 3002 ATTICO
840 2945 916 3001 SAL.

228 3069 241 3110 ¹
320 3052 360 3119 A.
387 3054 416 3119 d.
443 3072 512 3120 vm.
539 3055 616 3120 Idus
646 3053 813 3121 Decembr.
840 3054 1041 3119 Aeculanum
1071 3052 1142 3118 veni
1170 3053 1195 3113 et

252 3141 299 3207 ibi
321 3145 395 3208 tuas
413 3142 536 3208 litteras
559 3142 633 3228 legi,
655 3164 736 3227 quas
748 3141 941 3208 Philotimus
963 3139 1044 3206 mihi
1057 3138 1195 3218 reddidit;

254 3249 272 3294 a
294 3229 411 3314 quibus
432 3231 517 3296 hano
538 3231 643 3314 primo
658 3233 789 3315 aspectu
807 3230 1007 3315 voluptatem
1021 3229 1100 3314 cepi,
1122 3225 1195 3313 quod

254 3321 347 3383 erant
360 3321 425 3383 ate
438 3318 509 3403 ipso
529 3318 677 3402 scriptae,
699 3318 813 3384 deinde
836 3339 945 3383 aarum
969 3315 1194 3386 accuratissima

324 3472 376 3542 ΕΡ·
395 3478 420 3541 ²,
439 3479 463 3527 '1-
491 3475 522 3529 id
539 3476 649 3544 cesavit
667 3475 761 3543 (Em).
779 3491 807 3530 a.
826 3476 858 3530 ἑά
874 3475 967 3543 Mal„
988 3473 1058 3529 Oxx.
1076 3490 1132 3545 nec.
1150 3487 1193 3526 on.

181 3599 183 3604 .
254 3541 285 3595 id
303 3541 358 3609 (m,
376 3542 437 3610 B·)?
473 3549 498 3598 8.
522 3545 605 3600 audio
623 3546 710 3602 mutu
727 3546 802 3615 (W.).
821 3562 857 3614 a,
873 3562 908 3602 m.
928 3545 1021 3616 vulgo.
