2590 3964
186 989 269 1092 ’Μ.
307 1007 530 1092 TULLII
565 1006 906 1092 CICERONIS

158 1167 576 1242 urrsuorrauu
602 1167 677 1242 ru
709 1165 976 1244 laureum

377 1321 510 1389 mara
533 1321 748 1401 ouraous

485 1507 643 1518 mu·—

487 1623 581 1690 .1.

172 1742 226 1800 Ser.
244 1745 352 1802 Romae
370 1744 461 1800 medio
479 1761 575 1800 mense
594 1743 751 1815 Septembri
770 1759 796 1800 a.
814 1761 841 1801 u.
860 1762 884 1802 e
902 1751 962 1802 697.

377 1849 507 1906 CICERO
525 1849 658 1906 ATTICO
678 1850 753 1906 SAL.

158 1957 426 2043 Quamprimum
448 1959 586 2026 Romam
609 1960 683 2025 veni
709 1960 847 2046 fuitque,
880 1959 931 2025 oui
953 1963 1067 2025 reete¹

104 2045 137 2109 ad
160 2051 190 2111 te
216 2048 342 2112 litteras
370 2047 493 2132 darem,
524 2048 607 2112 nihil
633 2049 722 2134 prius
753 2048 937 2114 faciendum
964 2047 1045 2114 mihi

103 2135 208 2220 putavi,
231 2158 329 2222 quam
352 2139 388 2199 ut
410 2136 471 2200 tibi
485 2136 611 2202 absenti
626 2135 664 2200 de
681 2137 787 2202 reditu
799 2140 913 2202 nostro
937 2139 1044 2220 gratu·

103 2221 185 2306 larer;
207 2245 385 2309 cognoram
407 2224 493 2289 enim
519 2261 557 2270 -
582 2228 620 2289 ut
641 2247 715 2292 rere
739 2224 877 2289 scribam
891 2259 934 2270 -
954 2227 988 2287 te
1010 2222 1044 2288 in

103 2312 230 2378 consiliis
244 2312 325 2376 mihi
339 2312 454 2376 dandis
472 2335 532 2378 nee
553 2313 721 2378 fortiorem
733 2334 793 2378 neo
806 2310 1045 2395 prudentiorem

103 2419 185 2482 quam
207 2423 259 2465 me
282 2401 402 2485 ipsum,
431 2423 491 2465 neo
518 2401 615 2466 etiam
637 2423 698 2485 pro
719 2400 894 2485 praeterita
916 2421 988 2464 mea
1010 2399 1044 2464 in

101 2489 127 2550 te
153 2489 358 2554 observantia
394 2489 529 2554 nimium
566 2489 602 2553 in
634 2489 779 2556 custodia
812 2487 924 2553 salutis
956 2509 1046 2554 meae

101 2573 290 2662 diligentem,
322 2577 520 2661 eundemque
548 2580 595 2661 te,
627 2579 682 2661 qui
708 2577 820 2662 primis
847 2577 1046 2660 temporibus

99 2667 204 2730 erroris
232 2664 337 2730 nostri
359 2668 417 2729 aut
442 2666 550 2750 potius
576 2665 695 2730 furoris
721 2666 882 2750 particeps
913 2668 945 2730 et
971 2665 1047 2730 falsi

98 2752 213 2818 timoris
228 2755 335 2818 socius
348 2753 474 2838 fuisses,
496 2753 699 2818 acerbissime
713 2753 881 2819 discidium
898 2757 1047 2819 nostrum

97 2842 201 2906 tulisse
215 2841 453 2926 plurimumque
461 2863 587 2926 operae,
601 2841 708 2926 studii,
717 2841 913 2928 diligentiae,
925 2841 1046 2906 laboris

98 2929 132 2994 ad
157 2929 392 2995 conficiendum
418 2928 557 2995 reditum
585 2952 692 2996 meum
718 2929 905 2995 eontulisse:
937 2929 1068 3010 itaquer

97 3015 150 3082 hoo
172 3019 234 3082 tibi
257 3040 331 3083 vere
353 3018 490 3102 affirmo,
511 3019 547 3082 in
561 3019 700 3083 maxima
721 3019 845 3083 laetitia
862 3019 895 3081 et
917 3019 1046 3099 exopta·

96 3105 214 3171 tissima
237 3107 454 3191 gratulatione
469 3128 569 3171 unum
588 3106 629 3171 ad
643 3105 871 3170 cumulandum
894 3102 1047 3190 gaudium

97 3198 298 3279 conspectum
326 3198 383 3260 aut
408 3195 517 3280 potius
545 3195 746 3280 complexum
773 3193 853 3258 mihi
878 3195 972 3256 tuum
994 3190 1046 3254 de·

158 3385 212 3456 Ep.
232 3393 257 3456 1,
276 3394 301 3442 1.
328 3403 378 3442 aee
395 3404 415 3442 e.
430 3390 651 3456 propraetorem
668 3403 727 3440 mea
745 3429 752 3441 .
773 3427 778 3438 .
798 3383 970 3440 observantia
988 3382 1046 3464 (b).

97 3471 138 3512 aee
153 3473 174 3512 e.
191 3460 366 3526 propteroa
383 3475 470 3513 meam
488 3460 519 3512 r'n
536 3464 561 3513 te
579 3458 778 3512 observantiam
796 3455 843 3510 Zb.
862 3457 900 3523 et,
918 3454 968 3509 sed
987 3469 1046 3508 sme

96 3528 139 3593 itu,
166 3527 217 3595 Zl.,
244 3527 338 3596 Mal„
367 3527 443 3597 0xx.‚
472 3531 499 3601 β,
526 3537 573 3584 al.
600 3531 630 3583 et
648 3532 695 3594 a2,
720 3543 752 3593 o,
780 3525 829 3580 sed
848 3541 894 3594 pr.
917 3530 994 3578 boam
1015 3525 1047 3576 in

97 3613 138 3652 ru.
167 3614 211 3654 me
228 3614 251 3654 e.
268 3603 384 3668 propter
401 3616 487 3654 meam
508 3599 541 3654 ire
558 3605 583 3654 te
600 3597 798 3653 observantiam
820 3595 987 3664 Hoffmann„
1014 3593 1046 3648 B.
