2594 3976
264 220 330 285 482
551 217 588 272 M.
608 215 731 272 TULLII
749 215 938 272 CICERONIS

264 364 432 446 nsrrsbei3
458 367 495 427 tn
518 365 627 427 entem
649 361 770 427 veritus
792 383 827 426 ss
849 361 1004 446 fortasse,
1026 384 1068 428 ne
1091 383 1146 449 ego
1165 365 1202 430 in-

264 454 350 518 viius
382 452 539 516 audirem:
575 451 640 515 fuit
669 449 703 514 id
734 449 863 534 quidem
893 450 1119 536 humanitatis,
1151 453 1203 538 sed,

264 541 344 606 mihi
376 540 482 623 erede,
512 539 578 604 ism
604 540 668 603 isio
694 560 762 604 non
789 559 875 604 euro.
921 537 1027 615 Quare
1059 539 1100 605 de
1124 541 1204 606 iein

211 670 217 683 ·
265 649 446 695 sermonem
474 631 508 692 et
532 647 665 712 perseee
692 630 725 690 et
751 627 873 692 oonfioe
900 631 934 692 ei
960 628 1007 692 ite
1037 649 1110 693 oum
1129 627 1205 694 Polla

264 719 412 803 loquere,
442 719 481 782 ui
510 719 544 781 te
576 737 650 780 eum
680 716 737 781 illo
765 713 886 780 Soeevs
916 716 1006 800 loqui
1038 721 1130 802 putes
1158 739 1205 781 neo

266 806 428 871 existimes
455 827 524 888 eos,
556 804 612 889 qui
642 825 711 868 non
738 802 847 868 debite
878 805 1059 870 consectari
1091 806 1206 888 soleant,

266 895 352 980 quod
375 893 542 976 debeatur,
574 892 777 958 remissoros:
814 891 928 959 dedis
956 896 1087 959 tentum
1108 893 1206 976 videto,

266 986 299 1048 et
320 982 354 1048 id
376 983 484 1070 ipsum
506 981 593 1046 bono
617 979 722 1046 modo.

690 1173 809 1240 XXIV.

267 1297 324 1353 Sor.
342 1297 373 1352 in
387 1295 518 1365 Arpinati
534 1311 630 1351 mense
649 1295 784 1360 Quineiili
803 1255 879 1364 (ente
893 1313 935 1365 pr.
949 1293 1026 1365 Idus)
1040 1313 1065 1351 s.
1085 1315 1112 1351 n.
1126 1314 1148 1352 e,
1161 1303 1207 1350 709.

540 1399 688 1456 CICERO
706 1399 856 1456 ATTICO
875 1400 958 1456 SAL.

334 1510 418 1588 Quid
448 1515 511 1595 ssi,
542 1510 628 1595 quod
650 1507 873 1596 Hermogenes
900 1510 981 1574 mihi
1003 1508 1136 1576 Clodius
1156 1510 1209 1574 An·

267 1599 452 1665 dromonem
484 1599 547 1664 sibi
579 1598 696 1664 dixisse
726 1619 760 1664 se
788 1595 976 1664 Ciceronem
1002 1599 1122 1665 vidisse
1148 1597 1211 1664 Gor-

267 1687 382 1772 oyrse?
419 1707 479 1774 ego
503 1687 591 1752 enim
613 1687 723 1752 audita
745 1685 806 1753 sibi
828 1691 993 1772 putm'em:
1020 1687 1106 1752 nihil
1127 1688 1212 1773 igidn
1279 1711 1280 1722 ¹

266 1798 307 1841 ne
331 1775 361 1840 ei
384 1775 512 1858 quidem
534 1775 738 1840 litterarum?
760 1791 885 1842 ennon
897 1775 1003 1840 vidit?
1025 1776 1125 1842 facies
1139 1795 1213 1861 ergo,

266 1868 303 1928 ui
335 1863 442 1932 seiam.
488 1862 572 1940 Quid
602 1864 663 1929 tibi
695 1885 756 1950 ego
788 1863 828 1928 de
855 1862 1003 1930 Varrone
1029 1863 1213 1930 rescribam?

267 1956 420 2038 quattuor
457 1950 631 2037 διφθέριαι
663 1973 678 2018 s
724 1955 739 2016 i
769 1951 805 2016 in
836 1956 893 2020 ius
923 1955 1104 2037 potestate:
1140 1951 1215 2037 qnod

267 2042 384 2128 egeris,
406 2041 440 2105 id
462 2041 622 2128 probeb03
648 2061 709 2106 neo
731 2044 842 2105 temen
864 2037 1018 2124 αἰδέομαι
1045 2041 1215 2127 Τρῶας-

267 2131 344 2214 quid
367 2129 475 2194 enim?
499 2167 551 2215 -‚
573 2129 646 2213 sed,
667 2129 731 2213 ipsi
754 2150 851 2213 quem
873 2150 924 2194 res
946 2129 1004 2194 ills
1025 2131 1216 2214 probaretur,

267 2220 371 2304 magis
389 2218 537 2304 verebsr5
560 2217 626 2302 sed,
649 2217 801 2302 quonism
815 2221 852 2282 tu
865 2218 1011 2304 suscipis,
1032 2219 1069 2283 in
1091 2219 1215 2283 nerim

127 2329 132 2338 ·
267 2329 386 2372 aurem.

697 2497 801 2565 XXV.

342 2617 403 2675 Sor.
421 2620 452 2674 in
470 2620 631 2676 Tusoulsno
649 2636 744 2675 mense
764 2613 898 2748 Qssgffffli
918 2622 994 2691 (ante
1013 2639 1055 2692 pr.
1074 2622 1151 2692 Idus)

649 2708 675 2746 a.
694 2709 721 2746 n.
740 2707 763 2746 o.
838 2735 843 2746 .
895 2715 896 2720 ¹

541 2794 691 2852 CICERO
708 2795 858 2852 ATTwo
876 2796 960 2852 SAL.

241 2924 253 2963 1
334 2901 383 2970 De
410 2905 591 2971 retentione
618 2905 768 2992 reseripsi
793 2905 834 2970 ed
865 2908 939 2971 iuss
970 2910 1120 2972 eeoureie
1152 2906 1218 2972 seri·

267 2997 340 3081 pies
381 2993 521 3078 litteram
572 2992 721 3059 conficies
761 2993 875 3080 igitur,
914 2998 948 3059 et
988 2994 1119 3080 quidem
1158 2995 1217 3060 sine

267 3084 334 3148 ulls
370 3082 571 3148 dubiis-iisne
608 3087 665 3147 eut
700 3083 942 3148 reirsototione:
986 3083 1050 3149 hoo
1091 3083 1161 3148 fieri
1192 3085 1219 3146 ei

268 3173 398 3256 opoliei
429 3175 462 3235 et
491 3193 573 3256 opus
600 3174 658 3236 est.
707 3169 757 3236 De
784 3169 1005 3255 Andromene,
1036 3175 1075 3236 ui
1106 3171 1218 3252 scribis,
1275 3167 1276 3216 i

241 3259 316 3324 sita
346 3262 513 3344 putaram
546 3259 661 3325 scisses
692 3259 778 3324 enim
809 3259 952 3345 mihique
985 3260 1130 3326 dixisses.
1178 3257 1218 3324 Tu

339 3413 392 3484 Ep.
411 3421 453 3469 24.
484 3415 557 3469 nisa
575 3417 663 3486 ὁρίων
688 3415 762 3540 (ΝΕ).
795 3416 838 3470 m'l
855 3417 874 3471 ι’.
893 3417 987 3486 vulgo.
1016 3445 1050 3457 -
1078 3416 1218 3486 διφθερίαι

269 3483 522 3608 (ἐξὲᾞιῇθέραι
541 3484 691 3555 (R1.,B.)2
750 3504 778 3556 p.
798 3492 842 3556 25,
861 3493 885 3542 l.
907 3490 1011 3542 rores.
1030 3488 1092 3558 (vo,
1111 3486 1160 3557 C.).
1186 3499 1218 3540 re
