2594 3976
233 215 300 280 526
358 273 361 276 .
465 277 466 282 ἵ
520 213 559 269 Μ.
579 211 701 278 TULLII
718 209 907 268 CICERONIS

234 359 393 443 defendis,
424 359 516 442 quasi
547 379 602 424 ees
633 379 692 422 eo
719 357 965 442 reprehendam,
998 379 1081 442 quos
1114 359 1199 424 satis

138 436 142 450 ¹
232 447 365 515 laudare
387 468 455 530 non
477 469 617 530 possum.
650 378 853 531 lterumego
872 441 951 512 vitia
971 447 1104 531 collegi,
1126 469 1196 512 nen

233 536 416 604 hominum:
444 535 570 616 sublato
594 533 680 600 enim
702 538 842 618 tyranno
859 535 1040 619 *tyrannida
1062 556 1198 600 manere

234 623 343 709 vide03
379 644 469 708 nam,
495 645 578 707 ¹qum
601 623 655 688 ille
677 622 824 688 faeturus
845 643 914 698 non
935 623 1012 707 fuit,
1039 643 1078 688 ea
1102 623 1198 707 fiunt,
1292 651 1293 658 ¹

234 717 272 782 ut
302 711 341 777 de
369 709 496 796 Clodio,
528 711 566 776 de
593 733 657 795 que
689 711 769 775 mihi
796 711 998 794 exploratum
1024 714 1075 776 est
1101 712 1197 778 illum

234 820 301 874 nen
324 800 420 871 mede
437 821 512 865 ¹non
533 799 710 883 facturum,
733 799 788 864 sed
812 795 933 886 [etiam]
957 820 999 864 ne
1021 820 1196 884 passurum

234 889 362 974 quidem
384 888 496 955 fuisse:
529 891 680 972 sequatur
700 887 798 953 Rufio
821 887 1049 972 Venerianus,
1079 887 1197 954 Viator

228 999 411 1062 numquam
425 977 571 1062 scriptus,
594 976 700 1060 aeteri,
722 977 794 1060 quis
808 975 900 1040 non?
923 976 976 1040 eui
989 976 1111 1042 servire
1131 976 1198 1060 ipsi

233 1087 302 1134 non
324 1065 501 1150 potuimus,
524 1065 591 1131 eius
614 1064 730 1129 libellis
753 1086 913 1148 paremus.
946 1063 1017 1129 Iam
1039 1063 1196 1130 Liberali·

234 1155 295 1222 bus
327 1155 398 1238 quis
430 1153 538 1238 potuit
568 1153 603 1217 in
636 1157 785 1218 senatum
815 1174 883 1218 non
909 1151 1041 1218 venire?
1077 1152 1133 1218 fae
1161 1154 1195 1218 id

233 1243 377 1328 potuisse
392 1241 625 1326 aliquomodo:
648 1241 849 1325 nemetiam,
872 1263 971 1326 quum
984 1241 1196 1326 venissemus,

233 1333 333 1398 libere
369 1332 533 1415 potuimus
566 1331 759 1395 'sententiam
796 1329 922 1396 dieera‘?
957 1351 1068 1396 nonne
1105 1331 1196 1395 omni

234 1422 360 1486 ratione
374 1419 527 1502 veterani,
549 1419 604 1502 qui
618 1419 733 1485 armati
754 1418 897 1502 aderant,
919 1440 1019 1502 quum
1041 1418 1196 1503 praesidii

234 1530 295 1575 nos
304 1508 386 1574 nihil
396 1508 596 1591 haberemus,
606 1507 798 1573 defendendi
806 1506 960 1572 fuerunt?
973 1506 1070 1573 Illam
1080 1507 1195 1572 sassie

234 1619 309 1662 nem
324 1595 540 1681 Capitolinam
553 1595 633 1660 mihi
645 1617 714 1661 non
727 1596 884 1679 placuisse
898 1598 935 1660 tu
948 1595 1041 1660 testis
1055 1617 1104 1660 es:
1118 1595 1196 1679 quid

235 1684 335 1770 ergo?
358 1686 421 1749 ista
439 1685 534 1767 eulpa
547 1683 744 1748 Brutorum?
767 1684 898 1749 minime
911 1683 1041 1748 illorum
1054 1683 1196 1768 quidem,

236 1774 292 1839 sed
314 1771 451 1838 aliorum
474 1773 656 1856 brutorum,
688 1772 743 1856 qui
770 1793 804 1836 se
834 1776 947 1838 cautos
969 1793 1007 1836 ae
1030 1773 1195 1856 sapientes

198 1875 202 1882 ·
235 1865 367 1947 putant,
398 1861 513 1945 quibus
545 1861 624 1925 satis
653 1859 717 1924 fuit
743 1861 871 1942 laetari,
902 1860 1068 1926 nonnullis
1096 1861 1195 1924 etiam

210 1949 407 2040 agratulari,
437 1948 537 2014 nullis
564 1969 760 2033 permanere.
806 1946 869 2012 Sed
899 1949 1073 2032 praeterita
1100 1949 1195 2013 omit

235 2043 355 2104 tamus:
386 2038 467 2103 istos
496 2037 584 2102 omni
616 2058 693 2101 aura
723 2035 947 2122 praesidioque
976 2041 1126 2102 tueamur
1154 2041 1196 2119 et,

236 2127 505 2212 quemadmodum
527 2128 564 2189 tu
586 2125 753 2209 praecipis,
776 2125 921 2190 contenti
940 2123 1052 2190 Idibus
1067 2124 1196 2190 Martiis

237 2217 349 2299 simus,
382 2235 463 2299 quae
493 2213 622 2298 quidem
650 2213 773 2278 nostris
803 2213 927 2296 amieis,
959 2212 1077 2278 divinis
1108 2214 1196 2299 viris,

237 2305 361 2369 aditum
383 2303 431 2370 ad.
447 2303 572 2367 eaelum
593 2301 759 2385 dederunt,
781 2301 963 2366 libertatem
985 2303 1106 2385 populo
1130 2301 1195 2368 Ra

236 2414 333 2458 mano
363 2414 431 2458 non
462 2390 627 2455 dederunt.
671 2389 852 2455 Recordare
884 2393 955 2454 tua:
986 2411 1096 2454 nonne
1128 2411 1195 2455 me·

236 2480 360 2546 ministi
391 2481 528 2544 clamare
559 2482 592 2542 te
624 2478 734 2543 omnia
764 2478 899 2563 perisse,
935 2478 963 2542 si
993 2479 1048 2542 illa
1079 2479 1195 2544 funere

237 2570 341 2634 elatus
368 2567 473 2632 esset?
506 2566 667 2652 sapienter
697 2566 731 2630 id
763 2565 907 2650 quidem:
937 2567 1057 2652 itaque,
1088 2589 1127 2632 ex
1155 2589 1194 2634 ee

210 2674 319 2742 equae
342 2655 519 2739 manarint,
545 2655 643 2720 vides.
683 2651 773 2729 Quae
795 2654 907 2719 seribis
936 2653 976 2720 Κ.
999 2654 1103 2720 Iuniis
1124 2655 1195 2720 An·

236 2745 363 2811 torrium
385 2744 425 2808 de
446 2742 620 2827 provinciis
643 2743 835 2826 relaturum,
866 2746 904 2808 ut
926 2745 960 2807 et
980 2743 1049 2827 ipse
1071 2741 1195 2810 Gallias

236 2835 356 2900 habeat
387 2835 421 2898 et
449 2831 595 2916 utrisque
627 2831 695 2896 dies
725 2834 931 2915 prorogetur,
960 2830 1112 2898 licebitne
1141 2832 1194 2898 de

238 2923 325 2990 serni
347 2919 469 2987 libere?
492 2919 520 2986 ai
537 2919 671 3004 licuerit,
692 2919 875 2984 libertatem
889 2940 958 2986 esse
971 2924 1195 3006 recuperatam

236 3011 397 3094 laetabor3
429 3009 458 3075 si
483 3029 552 3074 non
577 3007 717 3092 lieuerit,
748 3007 824 3091 quid
851 3007 932 3072 mihi
958 3008 1105 3074 attulerit
1129 3010 1195 3076 ista

237 3100 360 3166 domini
382 3097 520 3164 mutatio
542 3098 671 3181 praeter
692 3096 858 3179 laetitiam,
880 3117 977 3180 quam
999 3097 1101 3165 oeulis
1124 3099 1195 3184 eepi

211 3191 322 3256 siusto
344 3186 479 3254 interitu
492 3184 645 3272 tyranni?
673 3183 817 3269 Rapinas
832 3184 945 3250 scribis
959 3185 1000 3249 ad
1013 3183 1093 3272 Opis
1115 3185 1195 3272 fieri,

2 2918 6 2943 Ι

3 2947 5 3020 l

308 3415 359 3485 Ep.
371 3420 413 3483 14,
423 3421 448 3468 2.
466 3413 623 3482 τυραννίδα
635 3413 681 3468 vel
690 3412 865 3482 tyrannidem
874 3413 959 3480 (ΨΜ
978 3441 1011 3454 -
1029 3413 1077 3468 red
1086 3413 1193 3485 [etiam]

118 3545 119 3548 ‡
237 3485 548 3623 asae-aa·
662 3483 756 3552 ue·
776 3500 854 3554 n
1069 3483 1146 3554 a.
1160 3501 1193 3554 ν·
1292 3503 1293 3580 ÷
