2574 3966
228 203 488 261 EPISTOLARUM
505 204 556 260 AD
575 205 739 262 ATTIGUM
758 206 820 262 XII.
839 211 863 261 5.
883 213 907 261 6.
979 204 1045 270 419

71 351 136 415 sed
169 353 206 416 tu
230 371 282 416 me
304 349 531 434 γεωμετρικῶς
555 349 733 434 refelleres,
763 355 796 415 te
824 354 932 416 autem
958 372 1046 416 nuno

70 438 206 504 Brutus
232 441 266 504 ei
293 436 455 523 Fannius3
486 458 547 524 ego
579 441 691 503 tamen
721 439 761 503 de
791 438 879 505 bono
907 441 1047 524 aueiore,

71 526 271 611 Hortensio,
294 526 340 592 sie
354 547 551 611 acceperam,
571 530 611 592 ui
623 527 710 611 apud
723 525 861 592 Brutum
875 530 937 592 esi:
958 527 1046 594 huno

71 614 1075 788 {eugenue}anauniaeuiuus⁴

219 753 227 769 ·
763 753 771 788 ν

73 793 249 877 postridie.
293 791 345 858 De
370 791 477 857 Tullia
503 813 576 857 mea
601 793 663 858 tibi
690 793 950 878 antiquissimum
978 814 1047 859 ease

74 882 192 966 video,
222 881 319 965 idque
345 879 393 945 iia
415 884 453 945 ut
475 881 518 946 sii
539 885 572 946 ie
595 882 801 948 vehementer
823 902 912 968 rogo.
957 881 1046 966 Ergo

76 971 109 1034 ei
141 971 177 1034 in
206 970 334 1056 integro
359 969 535 1035 omnia-
557 969 604 1036 aio
631 971 717 1035 enim
740 971 853 1036 soribis
875 995 933 1054 —;
959 971 1048 1052 mihi,

78 1058 147 1123 etsi
160 1057 327 1124 Kalendae
341 1057 492 1122 vitandae
512 1058 646 1123 fuerunt
657 1057 931 1142 Nicasionumque
954 1052 1049 1143 ἀρχέ-

77 1167 173 1212 τυπα
194 1146 351 1234 fugienda
373 1145 653 1232 conficiendaequa
673 1148 812 1232 tabulae,
835 1147 917 1212 nihil
939 1149 1049 1213 tamen

79 1236 188 1320 ianii,
209 1239 248 1300 ui
270 1257 290 1298 a
312 1239 344 1300 te
368 1235 528 1320 abessem,
555 1235 627 1300 fuit.
672 1235 778 1312 Quum
799 1235 923 1302 Romae
946 1257 1049 1306 essem

80 1329 117 1388 et
144 1324 272 1388 teiam
303 1323 431 1408 iamque
457 1324 602 1389 visurum
633 1347 685 1389 me
713 1328 875 1410 putaram,
906 1323 1049 1409 quotidie

80 1417 198 1478 tamen
210 1412 321 1496 horae,
334 1412 451 1497 quibus
465 1413 700 1498 exspeoiabam‚
712 1415 830 1499 longae
843 1413 1048 1508 videbantur:

83 1503 149 1566 sois
182 1522 234 1565 mo
265 1500 398 1566 minime
424 1521 495 1566 esse
521 1500 690 1587 blandum
720 1502 829 1588 itaque
856 1501 964 1568 minus
993 1501 1049 1566 ali-

84 1593 213 1674 quanto
236 1588 317 1674 dieo,
339 1609 437 1674 quam
459 1589 573 1654 seniio.

541 1782 598 1849 VI.

124 1905 184 1960 Sor.
202 1903 234 1960 in
252 1904 409 1960 Tusculano
428 1907 547 1961 exeunte
564 1921 659 1960 menae
678 1905 812 1971 Quinotili
830 1921 856 1960 a.
870 1923 896 1960 u.
911 1921 935 1962 ο.
954 1911 1014 1963 ¹108.

361 2009 510 2066 CICERO
527 2010 679 2066 ATTICO
696 2010 779 2066 SAL.

154 2117 206 2184 De
230 2115 339 2184 Caelio
361 2118 447 2204 vide,
477 2139 610 2204 quaeso,
641 2141 683 2184 ne
707 2140 789 2203 quae
811 2119 928 2184 lacuna
951 2119 994 2185 sii
1015 2120 1076 2192 in1

88 2229 179 2272 auro.
222 2205 294 2292 Ego
316 2207 381 2272 ista
403 2229 472 2272 non
492 2207 583 2292 novi5
606 2208 662 2273 aed
684 2210 770 2273 cerie
792 2207 828 2272 in
851 2207 979 2274 collubo
1002 2212 1052 2273 esi

88 2294 276 2360 detrimenti
299 2295 392 2362 satis:
413 2295 478 2361 huo
492 2317 606 2360 aurum
620 2297 648 2361 si
662 2296 794 2382 aooedib,
815 2319 872 2380 -3
895 2295 951 2361 sed
974 2297 1050 2380 quid

88 2382 228 2468 loquor?
259 2387 296 2448 tu
325 2383 456 2449 videbis.
501 2383 611 2450 Habes
633 2384 793 2471 Hegesiae
816 2404 933 2471 genus,
964 2385 1051 2469 quod

88 2472 197 2538 Varro
228 2472 349 2537 laudan
393 2471 499 2538 Venio
529 2473 570 2538 ad
601 2474 850 2559 Tyrannionem.
894 2472 961 2538 Ain
991 2472 1084 2539 tuh

88 2582 203 2626 verum
215 2560 277 2626 hoc
290 2561 363 2646 fuit,
377 2561 446 2626 aine
459 2562 533 2626 me?
555 2565 590 2626 ai
603 2584 664 2648 ego
678 2562 813 2648 quoties,
834 2584 935 2647 quum
948 2583 1052 2628 essem

89 2650 225 2733 otiosus,
255 2649 324 2714 sine
346 2653 379 2714 ie
401 2653 511 2715 tamen
533 2650 646 2715 nolui?
682 2673 746 2736 quo
769 2651 865 2717 modo
888 2651 951 2717 hoo
974 2671 1054 2737 argo

88 2736 183 2803 lues?
206 2758 272 2803 nno
295 2737 430 2822 soilioei,
452 2738 480 2804 si
501 2739 581 2803 mihi
603 2739 722 2804 librum
745 2741 884 2824 miserie,
907 2738 992 2824 quod
1015 2743 1056 2804 ui

91 2826 202 2911 facias,
224 2826 322 2892 eiiam
345 2830 440 2911 abque
462 2827 560 2892 etiam
581 2847 674 2912 rogo:
699 2829 759 2893 etsi
782 2849 834 2894 me
856 2849 925 2895 non
946 2827 1054 2912 magis

90 2915 175 2979 liber
195 2914 266 2998 ipae
289 2915 469 3000 delectabit,
491 2937 590 3001 quam
603 2919 660 2981 tua
674 2916 843 2982 admiratio
867 2915 1054 2999 deleeiavii3

91 3023 165 3068 amo
179 3003 268 3068 enim
280 2999 389 3069 πάντα
402 2999 603 3088 φιλόδημον,
620 3008 715 3088 teque
729 3005 826 3070 istam
839 3007 907 3068 iam
921 3007 1052 3068 tenuem

92 3093 243 3176 θεωρίαν
255 3095 324 3158 iam
337 3092 430 3158 valde
448 3092 641 3159 admiraium
664 3114 732 3158 esse
756 3091 896 3178 gaudeo:
920 3091 981 3156 etsi
994 3095 1053 3156 iua

92 3179 223 3265 quidem
245 3183 322 3246 suni
344 3181 501 3248 eiusmodi
523 3182 645 3265 omnia,
677 3181 757 3246 seire
785 3180 871 3246 enim
897 3179 960 3264 uis,
986 3201 1051 3264 quo

94 3290 159 3335 uno
182 3269 310 3335 animus
333 3270 443 3354 alitu13
465 3269 535 3355 sed,
557 3291 687 3355 quaeso,
709 3268 786 3354 quid
809 3289 848 3334 ex
869 3267 933 3332 isia
956 3271 1053 3332 acuta

162 3407 216 3480 Ep.
227 3413 253 3477 6,
264 3413 287 3464 1.
307 3409 359 3464 coil
377 3409 410 3464 bo
423 3408 461 3490 (cl
484 3414 497 3463 i
533 3414 559 3463 2.
576 3409 676 3476 facias,
693 3411 720 3462 ie
732 3408 814 3462 etiam
827 3406 910 3476 (W.)?
925 3436 958 3445 -
974 3399 1052 3474 φιλό·

93 3481 183 3550 imm
203 3480 238 3546 (o.
256 3495 285 3534 o:
303 3476 343 3547 0„
358 3425 389 3548 i,
405 3409 582 3564 ymaiieatum
601 3495 618 3532 a
635 3477 797 3604 iiaflvigio).
817 3477 1055 3532 ΦΙΛΕΔΗΜΟΝ

95 3551 130 3606 M.
148 3549 210 3606 Onu
229 3549 280 3604 RI.
300 3550 488 3619 φαειδημονα
506 3565 606 3618 „nonu
626 3548 709 3606 hbn“
751 3564 859 3620 opmae,
877 3548 909 3604 Β.

836 3637 891 3691 27*
