2574 3966
388 971 447 1054 M.
483 969 708 1054 TULLII
743 968 1082 1055 CICERONIS
1211 999 1214 1006 ·

327 1129 754 1203 EPISTOLARITM
780 1130 855 1202 AD
886 1130 1142 1204 ATTICUM

516 1284 649 1350 ursus
672 1283 968 1352 uuouucurcs

692 1463 791 1474 ——q

729 1585 756 1650 Ι.

261 1705 320 1762 Ser.
338 1706 368 1760 iu
386 1706 517 1776 Arpinati
535 1721 560 1760 a
579 1707 607 1762 ri
625 1706 697 1761 VIll
716 1707 858 1762 Kalendas
876 1706 1008 1776 ausim)
1027 1724 1053 1763 a
1072 1726 1099 1762 n
1117 1725 1138 1762 c.
1151 1713 1196 1760 7⁰8.

551 1811 681 1868 CICERO
699 1812 834 1868 ATTICO
853 1812 929 1867 SAL.
1256 1821 1257 1838 l

235 1943 246 1980 ι
327 1919 507 1986 Undecimo
530 1922 595 2005 die,
620 1924 794 2006 postquam
816 1943 836 1984 a
857 1926 890 1985 le
913 1922 1131 2006 discesseram,
1150 1922 1197 1986 hu

261 2011 476 2075 litterularum
503 2011 632 2074 exaravi
659 2010 826 2096 egrediens
854 2031 872 2074 e
899 2011 976 2074 ville
1003 2015 1080 2076 ante
1105 2011 1198 2092 luceru

261 2104 357 2184 abque
380 2121 418 2164 eo
442 2099 493 2163 die
507 2098 690 2184 cogitabam
710 2099 745 2162 in
759 2099 944 2183 Anagnino,
965 2105 1097 2183 postero
1111 2103 1197 2164 aulen

260 2189 296 2252 in
318 2187 516 2269 Tusculano,
537 2186 584 2252 ibi
605 2208 708 2250 unum
730 2187 828 2250 diem:
851 2205 884 2250 v.
897 2186 1033 2252 Kalend.
1055 2189 1152 2274 igitur
1169 2186 1197 2250 ad

260 2277 486 2360 constitutum
509 2279 605 2359 abque
627 2275 753 2339 utinam
776 2276 930 2340 contiuuo
953 2276 994 2340 ad
1018 2277 1197 2362 complexum

260 2385 351 2429 meae
373 2363 514 2449 Tulliae,
545 2363 586 2428 ad
615 2364 760 2427 osculum
783 2363 912 2428 Atticae
934 2365 1057 2448 possim
1080 2365 1197 2430 currere!

261 2452 348 2536 quod
361 2452 491 2536 quidem
512 2454 619 2537 ipsum
641 2452 754 2536 scribe,
776 2474 904 2537 quaeso,
927 2453 968 2516 ad
991 2475 1052 2538 nie,
1073 2459 1119 2537 ub,
1140 2454 1198 2517 duu

261 2540 403 2605 consisto
439 2542 474 2605 in
507 2541 703 2624 Tusculano,
739 2541 851 2624 sciam,
888 2541 964 2625 quid
996 2543 1131 2626 garriet,
1162 2542 1199 2606 sin

260 2629 446 2712 sustinetur,
478 2630 555 2713 quid
587 2628 707 2693 scribat
737 2629 778 2692 ad
809 2633 856 2713 te,
888 2629 980 2713 eique
1011 2631 1135 2696 interea
1157 2633 1199 2693 aut

261 2715 381 2782 scribes
404 2719 541 2783 salutem
563 2721 621 2781 aut
648 2716 828 2800 nuntiabis,
858 2718 998 2802 itemque
1021 2717 1129 2784 Piliae.
1166 2715 1200 2781 n

261 2809 381 2890 tamen,
403 2807 464 2870 etsi
487 2807 640 2871 continuo
663 2806 867 2890 congressuri
890 2828 1010 2890 sumus,
1035 2807 1151 2872 scribes
1170 2804 1200 2870 ad

232 2997 246 3040 ¹
261 2894 668 3067 me'iibuibubbriiblibbisem
681 2983 765 3047 hanc
779 2983 958 3067 epistolam,
971 2983 1200 3049 noctuebundus

261 3071 303 3134 ad
325 3093 376 3135 me
399 3072 489 3136 venit
511 3092 584 3135 cum
607 3070 813 3155 epistolatus
831 3072 1028 3156 tabellarius
1051 3093 1115 3156 qus
1134 3073 1200 3136 lecla

262 3159 301 3222 de
333 3159 461 3224 Atticae
492 3159 649 3224 febricula
679 3160 802 3224 sciliceb
826 3159 918 3224 valde
950 3160 1052 3224 dolui:
1087 3161 1202 3243 reliqua,

263 3268 344 3330 quae
368 3248 606 3332 exspectabam,
638 3269 677 3312 ex
702 3248 768 3312 tuis
796 3248 912 3312 litteris
935 3249 1074 3333 cognovi
1097 3248 1201 3326 omnia

264 3333 329 3417 sed,
343 3334 429 3418 quod
443 3335 556 3401 scribis
569 3336 765 3421 ,igniculum
778 3337 972 3401 matutinum
982 3338 1000 3376 ²*
1009 3335 1055 3420 *,“
1075 3358 1201 3422 γεροντι-

335 3506 386 3576 Ep.
406 3515 434 3574 1,
453 3514 478 3561 2.
510 3515 574 3564 mat.
594 3513 638 3548 **
657 3529 714 3579 yso.
743 3512 816 3581 (W).
849 3512 961 3567 Excidit
983 3509 1142 3583 γεροντικὸν
1161 3523 1203 3564 csse

266 3574 350 3646 (Soli.)
368 3583 418 3630 out
436 3596 492 3645 yso.
512 3579 602 3634 solum
620 3581 649 3650 (l.
667 3599 723 3652 mg.
744 3588 820 3652 1584,
838 3582 889 3655 B.).
942 3629 945 3638 .
