2590 3964
264 227 328 290 126
548 226 586 280 ll.
605 225 728 280 TULLII
745 224 934 280 CICERONIS

262 371 403 454 domum,
416 392 497 452 eam,
513 392 595 454 quae
608 374 653 435 cst
663 371 700 434 in
712 367 871 451 Germalo,
892 391 940 452 pr.
953 367 1031 432 Idus
1043 367 1231 434 Novembr.

263 479 448 544 expugnare
470 463 504 522 et
524 457 695 524 incendere
720 459 768 522 ita
795 461 930 522 conatus
953 461 1016 540 est,
1045 460 1084 520 ut
1109 457 1229 539 palam

263 548 344 612 hora
375 547 490 631 quinta
520 568 595 611 cum
629 546 729 610 scutis
759 545 908 610 homines
939 544 1062 609 eductis
1093 544 1232 629 gladiis,

263 636 344 700 alios
367 657 441 699 cum
463 635 607 700 accensis
634 635 760 698 facibus
787 633 968 714 adduxerit3
994 633 1064 716 ipso
1086 633 1230 697 domum

263 722 298 788 P.
320 721 429 788 Sullae
455 745 516 807 pro
543 723 659 788 castris
686 723 748 788 sibi
774 722 817 786 ad
842 743 914 786 eam
939 721 1230 806 impugnationem

262 815 453 895 sumpserat
498 811 583 876 'lun
618 832 659 876 cx
692 809 847 874 Anniana
880 809 1013 874 Milonis
1048 809 1146 874 domo
1183 808 1229 884 Q.

262 898 398 967 Flaccus
420 900 532 964 eduxit
550 899 636 964 viros
650 919 755 963 acres:
777 898 895 962 oceidit
907 897 1055 962 homines
1068 919 1108 961 ex
1129 898 1230 962 omni

262 988 433 1054 latrocinio
457 986 613 1053 Clodiano
640 987 841 1068 notissimos3
872 987 978 1069 ipsum
1001 985 1136 1069 cupivit,
1163 986 1229 1050 sed

262 1076 317 1142 ille
349 1099 383 1142 se
414 1077 450 1141 in
479 1077 635 1142 interiora
666 1074 794 1140 aedium
820 1071 936 1139 Sullae.
970 1072 1057 1138 Exin
1087 1077 1229 1138 senatus

263 1165 418 1248 postridie
440 1163 534 1230 Idus:
557 1164 645 1230 domi
667 1161 814 1245 Clodius3
837 1162 985 1247 egregius
1002 1161 1229 1245 Marcellinus,

264 1274 376 1318 omnes
407 1273 512 1335 ccres3
546 1252 698 1317 Metellus
734 1251 895 1316 calumnia
929 1250 1057 1314 dicendi
1090 1253 1229 1333 tempus

265 1340 383 1404 exemit
413 1341 586 1404 adiuvante
617 1339 740 1423 Appio,
775 1339 873 1402 etiarn
907 1338 1036 1403 hercule
1067 1337 1228 1402 familiari

266 1431 336 1512 tuo,
358 1427 398 1493 de
421 1428 512 1492 cuius
534 1428 719 1494 constantia
739 1447 777 1492 cc
797 1427 916 1492 virtute
937 1430 1013 1490 tuae
1035 1426 1228 1491 verissimae

265 1515 400 1580 litterae.
436 1513 562 1580 Sestius
583 1515 705 1597 furere3
731 1515 786 1580 ille
807 1517 937 1597 postea,
958 1515 987 1578 si
1009 1514 1140 1578 comitia
1165 1536 1228 1580 sua

265 1625 332 1668 non
353 1604 477 1687 fierent,
498 1605 573 1668 urbi
594 1603 726 1668 minari:
747 1603 830 1668 Milo
851 1602 1019 1685 proposita
1039 1601 1228 1666 Marcellini

266 1691 436 1776 sententia,
458 1713 555 1776 quam
568 1693 622 1757 ille
636 1692 676 1756 de
690 1691 810 1775 scripto
833 1691 880 1754 ita
902 1690 1034 1773 dixerat,
1055 1694 1094 1754 ut
1115 1693 1227 1755 totam

266 1783 412 1844 nostram
438 1801 568 1844 causam
591 1801 698 1862 areae,
729 1779 967 1861 incendiorum,
995 1778 1131 1862 periculi
1158 1779 1227 1844 mci

266 1867 383 1932 iudicio
393 1869 764 1952 complecteretureaque
773 1866 883 1931 omnia
892 1866 1029 1932 comitiis
1037 1866 1228 1951 anteferret,
1285 1891 1286 1961 p

265 1955 456 2040 proscripsit
468 1978 502 2020 se
516 1978 574 2040 per
587 1977 699 2022 omnes
713 1955 781 2020 dies
803 1955 980 2018 comitiales
994 1955 1033 2018 de
1047 1955 1137 2020 eaelo
1159 1977 1228 2020 ser-

240 2047 427 2110 uaturum.
454 2042 633 2110 Conciones
653 2043 859 2108 turbulentae
877 2042 1010 2125 Metelli,
1031 2043 1227 2108 temerariae
1284 2121 1285 2128 ἶ

265 2132 379 2216 Appii,
413 2132 646 2198 furiosissimae
672 2131 788 2196 Publii.
827 2130 917 2196 Haeo
942 2133 1053 2194 tamen
1083 2153 1227 2196 summa:
1284 2149 1285 2189 l

269 2221 331 2284 nisi
361 2219 441 2285 Milo
472 2221 509 2284 in
539 2242 652 2305 campo
680 2219 919 2301 obnuntiasset,
954 2219 1085 2284 comitia
1110 2219 1227 2284 futura

265 2313 362 2372 eant.
406 2307 495 2373 Ante
522 2309 607 2374 diem
633 2327 692 2373 ΧΠ.
717 2307 791 2372 Kal.
816 2306 983 2372 Decembr.
1009 2306 1087 2372 Milo
1114 2308 1227 2372 media
1283 2363 1284 2380 2

266 2399 362 2459 nocte
385 2416 459 2458 cum
479 2417 600 2480 magna
621 2418 721 2460 manu
742 2397 778 2460 in
792 2416 940 2479 campum
954 2395 1056 2460 venit:
1080 2392 1227 2480 Clodius,
1283 2385 1284 2419 ¹

266 2502 366 2565 quum
387 2481 522 2547 haberet
543 2483 755 2569 fugitivorum
777 2483 915 2547 delectas
939 2483 1057 2566 copias,
1078 2484 1114 2546 in
1137 2505 1227 2548 oam-

265 2591 344 2653 pum
365 2570 412 2634 ire
433 2591 503 2634 non
525 2574 575 2636 cst
602 2593 710 2636 ausus.
754 2571 834 2636 Milo
861 2571 1039 2654 permansit
1064 2570 1105 2634 ad
1128 2574 1226 2636 meri-
1282 2605 1283 2647 p

267 2657 351 2721 diem
373 2657 507 2722 mirifica
528 2658 842 2741 hominnmlaetitia,
864 2680 989 2724 summa
1007 2679 1079 2723 oum
1103 2661 1226 2744 gloria:

266 2745 431 2810 contentio
462 2746 599 2812 fratrum
634 2749 733 2814 trium
763 2747 884 2832 turpis,
915 2746 1020 2812 fracta
1050 2747 1115 2832 vis,
1146 2769 1226 2814 con-

336 2989 388 3060 Ep.
407 2995 433 3059 3,
451 2996 477 3045 8.
505 2989 633 3046 amaro
652 2993 708 3058 (m,
726 2989 744 3045 l
763 3006 851 3061 marg.
873 2993 960 3059 1584).
980 2990 1102 3046 Ceramia
1120 2991 1185 3048 cdd.
1206 2993 1225 3050 1„

265 3077 293 3115 o:
312 3061 349 3130 Z,
368 3061 462 3128 Mau,
481 3061 558 3129 On,
578 3078 618 3115 ac.
652 3060 1055 3131 Omaulc(l.m.1584,B.)?
1079 3091 1112 3102 -
1145 3063 1226 3119 Aac.
1280 3063 1281 3107 t

266 3131 385 3186 Maloeis
403 3132 516 3203 (vulgo).
539 3131 575 3185 A.
591 3131 659 3202 [M]
677 3130 769 3185 Kiehl
784 3131 865 3201 conj,
883 3131 914 3186 B.
932 3161 968 3172 -
986 3131 1088 3188 Sullae.
1106 3131 1184 3187 Dein
1202 3152 1224 3189 e.

266 3201 353 3271 (Or.)?
371 3201 401 3257 S.
420 3201 449 3257 Β.
469 3201 575 3271 (Mal.)?
594 3229 627 3240 -
655 3217 688 3256 uc
704 3204 805 3256 virtum
822 3207 887 3256 tuce
904 3201 1034 3273 (Graec).
1066 3204 1167 3259 virtute
1185 3205 1224 3260 M.

264 3273 336 3395 pict
351 3288 376 3326 c.
395 3272 455 3341 RL,
473 3272 534 3340 acl,
552 3271 648 3326 Ambr.
669 3278 710 3326 16.
735 3274 915 3328 ωηεῦαηίίαηι
932 3274 1004 3328 vitae
1021 3278 1085 3329 tuae
1102 3275 1145 3340 A,
1173 3275 1225 3330 alii
1279 3293 1280 3335 t

295 3341 332 3396 al.
349 3343 406 3397 ciri
422 3348 487 3398 uoce
503 3343 603 3398 Ilaern
621 3342 704 3412 conj,
722 3341 753 3397 B.
786 3372 820 3383 -
851 3344 968 3398 mlmri:
992 3344 1066 3399 Milo
1082 3361 1127 3412 pr.
1146 3345 1223 3414 (W.).

264 3412 376 3465 macca.
401 3412 451 3467 Pr.
470 3413 564 3484 vulgo.
597 3441 631 3453 -
659 3413 825 3482 proscripsit
840 3429 869 3468 sc
886 3414 979 3484 vulgo.
1007 3431 1053 3482 pr.
1073 3415 1179 3470 Sestias
1196 3433 1225 3471 sc

265 3481 471 3618 wwf?
492 3489 669 3622 esttecum
686 3483 747 3538 oba
766 3483 797 3538 B.
816 3499 868 3539 err.
886 3486 947 3555 typ.
966 3513 999 3525 -
1017 3485 1117 3552 satura
1134 3494 1223 3544 auat
1278 3521 1279 3564 ,
