2510 3958
230 192 490 249 EPISTOLARUM
507 192 557 246 AD
575 191 739 248 ATTICUM
757 192 829 248 VIII.
849 200 873 248 9.
894 199 936 250 10.
990 192 1055 258 271
1072 269 1076 274 ¹
1099 200 1102 205 ’

98 341 259 420 nostrum,
291 340 328 402 ut
360 340 393 401 et
419 337 556 402 facimus
584 339 617 402 et
643 336 809 424 debemus,
842 339 956 403 tamen
985 337 1057 423 hoe,

97 425 183 510 quod
198 426 317 492 talibus
331 426 409 490 viris
423 448 490 491 non
507 425 665 509 subvenit,
683 426 814 491 laudare
828 447 896 492 non
909 448 1056 510 possum3

96 535 186 597 nam,
215 515 281 579 sive
303 514 426 599 timuit,
449 513 526 598 quid
548 514 720 600 ignavius?
757 513 837 598 sive,
867 518 905 578 ut
927 515 1058 599 quidam

12 607 13 610 ’
95 605 229 687 putant,
260 603 426 667 meliorem
449 625 541 666 suam
564 623 694 667 eausam
715 603 845 668 illorum
868 601 964 668 caede
986 603 1056 668 lore

95 692 235 775 putavit,
283 690 360 774 quid
400 690 574 756 iniustius?
628 689 691 756 Sed
730 691 810 755 haee
856 692 1057 774 omittamus

97 799 253 864 augemus
276 779 363 843 enim
386 777 530 844 dolorem
546 778 761 844 retractando.
787 795 833 844 VI.
846 778 919 843 Kal.
932 778 1084 863 vesperis

95 865 219 932 Balbus
242 868 349 933 minor
372 867 413 931 ad
435 889 487 932 me
509 867 600 932 venit
629 868 755 932 occulta
781 868 835 933 sia
862 887 993 932 ennena
1011 866 1059 932 ad

96 953 271 1021 Lentulum
308 956 474 1020 consulem
510 957 610 1020 missu
640 953 787 1021 Caesaris
824 975 897 1020 eum
932 955 1058 1038 litteris,

97 1065 169 1108 eum
184 1043 357 1127 mandatis,
379 1065 452 1108 eum
468 1044 681 1128 promissione
703 1043 897 1128 provinciae,
919 1043 1058 1108 Romam

96 1135 133 1196 ut
154 1131 281 1216 redeat,
313 1133 364 1196 eui
390 1132 576 1217 persuaderi
603 1153 698 1216 posse
722 1153 789 1197 non
812 1132 964 1215 arbitror,
994 1131 1059 1196 nisi

97 1220 158 1285 erit
182 1223 372 1287 conventus.
415 1219 506 1285 Idem
529 1220 637 1284 aiebat
659 1220 742 1284 nihil
764 1221 859 1285 malle
879 1217 1059 1303 Gaesarem,

98 1331 195 1392 quam
227 1312 266 1373 ut
291 1307 481 1393 Pompeium
509 1313 734 1392 assequeretur
760 1343 802 1356 -—
830 1309 863 1373 id
891 1309 985 1374 eredo
1015 1341 1058 1355 -

98 1400 130 1461 et
165 1398 287 1462 rediret
321 1397 357 1462 in
393 1397 546 1483 gratiam:
586 1396 620 1460 id
651 1418 719 1462 non
750 1397 845 1462 oredo
877 1400 910 1461 et
940 1399 1059 1480 metuo,

98 1506 138 1550 ne
162 1486 270 1551 omnis
291 1485 373 1550 haee
395 1485 566 1550 elementia
589 1485 629 1549 ad
652 1486 673 1564 †
693 1507 792 1550 unam
814 1486 904 1550 illam
926 1484 1059 1550 erudeli·

60 1641 61 1646 ,
98 1577 199 1638 tatem
237 1575 417 1659 colligatur.
468 1573 591 1638 Balbus
628 1573 757 1657 quidem
792 1574 896 1639 maior
931 1572 972 1636 ad
1008 1592 1059 1636 me

99 1663 212 1727 scribit
238 1662 321 1728 nihil
347 1662 443 1727 malle
471 1659 642 1726 Gaesarem
669 1683 765 1746 quam
791 1662 936 1746 principe
965 1659 1059 1726 Pom·

98 1751 171 1834 peio
195 1752 266 1816 sine
288 1754 376 1816 metu
398 1752 519 1816 vivere:
546 1753 596 1834 lu,
624 1753 718 1835 puto,
745 1751 809 1816 hoe
831 1750 944 1815 eredis.
989 1747 1061 1832 sed,

100 1861 199 1922 quum
226 1839 307 1905 haee
334 1839 526 1923 scribebam,
557 1856 590 1903 v.
616 1837 762 1923 Kalend,
792 1837 966 1924 Pompeius
994 1837 1060 1901 iam

100 1925 310 1993 Brundisium
336 1927 462 1992 venisse
491 1929 632 2012 poterat,
664 1927 830 2010 expeditus
858 1927 944 1991 enim
971 1928 1060 1990 ante-

101 2019 241 2081 cesserat
262 2015 407 2102 legiones
429 2033 473 2080 x1.
496 2016 539 2080 K.
553 2015 702 2098 Luceria3
725 2014 780 2079 sed
793 2011 856 2080 hoo
868 2012 965 2098 τέρας
985 2012 1059 2078 hor-

101 2105 187 2169 ribili
199 2104 378 2190 vigilantia,
401 2105 573 2188 eeleritate,
595 2103 764 2188 diligentia
778 2106 841 2168 est:
863 2102 970 2186 plane,
984 2099 1074 2190 quid

101 2192 248 2258 futurum
271 2193 323 2278 sit,
344 2193 462 2258 neseio.
778 2197 782 2206 “

563 2419 603 2485 X.

169 2542 227 2598 Ser.
245 2541 276 2598 in
294 2541 443 2597 Formiano
461 2540 535 2596 inter
551 2539 586 2596 V.
606 2538 704 2666 εξοέΠ.
723 2537 864 2594 Kalendas
882 2537 999 2594 Martias

488 2628 513 2666 a.
532 2630 558 2666 u.
578 2629 601 2666 o.
675 2655 681 2666 .

394 2715 524 2773 CICERO
543 2715 676 2772 ATTICO
696 2714 771 2770 SAL.

169 2827 346 2912 Dionysius
369 2849 467 2910 quum
482 2826 522 2890 ad
542 2847 594 2891 me
616 2829 744 2910 praeter
757 2824 944 2908 opinionem
957 2845 1062 2888 meam

103 2917 255 2999 venisset,
276 2917 403 2981 loeutus
424 2937 496 2980 sum
510 2936 582 2980 eum
597 2935 634 2980 eo
657 2914 892 2978 liberalissime:
915 2915 1062 2995 tempora

105 3005 250 3088 exposui3
272 3004 454 3089 rogarint
476 3003 603 3087 diceret,
626 3001 702 3086 quid
723 3002 859 3066 haberet
879 3000 916 3063 in
938 2999 1061 3082 animo3

104 3113 155 3157 me
178 3092 261 3156 nihil
284 3092 325 3156 ab
347 3092 419 3175 ipso
442 3091 545 3157 invito
569 3091 771 3158 contendere.
815 3086 996 3171 Respondit
1019 3108 1062 3170 se,

106 3181 190 3263 quod
216 3181 254 3244 in
277 3181 419 3244 nummis
445 3180 593 3264 haberet,
624 3180 747 3245 nescire
780 3198 843 3262 quo
872 3175 936 3241 loei
963 3178 1061 3240 esset:

106 3269 186 3334 alios
208 3290 277 3334 non
291 3268 421 3352 solvere,
443 3269 580 3334 aliorum
593 3268 677 3332 diem
697 3266 842 3332 nondum
857 3284 936 3329 esse.
971 3263 1062 3328 Dixit

175 3459 227 3530 Ep:
247 3467 271 3530 9,
291 3466 316 3514 4.
353 3461 391 3515 ad
409 3459 555 3516 Sullanam
572 3461 650 3514 allatu
668 3457 754 3527 (Or.)?
773 3487 806 3497 -
825 3458 873 3512 hoe
891 3455 977 3512 eredis
996 3453 1044 3524 (W
1045 3493 1062 3524 .,

108 3531 139 3584 ut
155 3529 202 3602 h.).
221 3536 246 3587 et
264 3549 286 3589 e.
305 3532 365 3586 Ml.
383 3531 429 3585 tec
447 3547 467 3586 c.
487 3531 545 3585 Ma.
571 3531 636 3585 toea
653 3545 675 3583 e.
693 3529 753 3598 RL,
771 3529 865 3599 vulgo.
