2608 3972
287 238 547 296 EPISTOLARUM
564 240 615 295 AD
632 239 796 297 ATTICUM
815 243 836 296 I.
857 249 897 299 1⁷.
1028 243 1070 308 31

118 387 164 452 eet
185 383 374 470 agennum
396 387 430 450 et
452 385 644 472 magnitudo
665 387 765 454 animi
787 389 849 473 tui,
880 409 984 474 neque
1009 410 1071 476 ego

115 472 199 538 inter
233 495 286 540 me
323 476 421 557 etque
451 477 484 538 te
516 474 692 558 quidquam
726 477 883 542 interesse
917 499 1071 562 umquam

116 561 190 626 duxi
211 564 343 646 praeter
365 561 565 628 voluntatem
587 563 755 629 institutae
783 565 883 650 ritae,
911 566 997 650 qued
1018 586 1071 630 me

114 649 247 714 ambitio
276 649 434 733 quaedam
462 649 871 738 cenomanensium,
901 658 934 719 te
963 657 1071 718 sutem

114 737 175 802 slis
188 737 324 804 minime
337 738 601 822 reprehendenda
618 739 702 804 retio
717 740 758 805 ed
771 740 945 807 honestum
967 742 1070 808 otium

113 825 215 892 duxit:
253 847 332 890 uera
366 825 499 910 quidem
531 827 626 892 laude
657 829 844 913 probitatis,
875 831 1071 915 diligentiae,

112 913 279 1000 religionis
302 935 407 999 neque
425 936 477 980 me
490 913 551 980 tibi
564 937 875 1001 nequequemquem
898 922 1071 1005 antepono,

112 1002 230 1068 amoris
254 1022 333 1068 vero
346 1023 424 1088 erga
436 1024 497 1089 me,
519 1003 809 1088 quumafraterno
832 1027 940 1072 amore
963 1006 1069 1071 dome·

111 1089 259 1175 uticeque
294 1090 440 1176 discessi,
474 1091 534 1156 tibi
569 1093 690 1177 primas
717 1092 844 1176 defer03
883 1094 1098 1178 uidissime

111 1179 176 1244 vidi
199 1178 395 1264 penitusque
416 1181 565 1264 perspexi
592 1181 628 1246 in
650 1181 730 1246 meis
752 1182 849 1247 variis
871 1182 1070 1268 temporibus

110 1269 144 1334 et
164 1267 401 1333 sollicitudines
424 1271 458 1332 et
485 1267 626 1334 laetitias
653 1271 739 1335 tuas:
771 1269 835 1335 fuit
863 1270 943 1338 mihi
974 1292 1070 1356 saepe

110 1358 143 1421 et
164 1355 272 1422 laudis
295 1359 427 1420 nostrae
450 1357 626 1442 gratulatio
648 1361 706 1422 tua
727 1359 868 1424 iucunda
890 1363 923 1424 et
944 1359 1070 1425 timoris

111 1444 293 1510 consolatio
321 1448 429 1529 grutem
460 1445 539 1529 quin
565 1445 646 1510 mihi
672 1467 759 1511 nune
785 1450 818 1511 te
842 1447 975 1512 absente
1001 1467 1070 1513 non

112 1532 218 1598 solum
250 1532 435 1617 eonsilium
466 1537 594 1617 quotu
621 1535 764 1618 excellis,
796 1534 852 1599 sed
880 1536 978 1600 etiam
1005 1555 1069 1600 ser·

111 1621 221 1686 monis
241 1620 504 1706 communicatio,
532 1643 613 1707 quoe
640 1622 720 1688 mihi
748 1624 937 1688 suavissima
963 1627 1070 1689 tecum

111 1709 196 1775 solet
221 1730 308 1793 esse,
334 1709 472 1776 maxims
502 1709 593 1776 deest
614 1744 656 1762 -
680 1710 756 1795 quid
786 1710 912 1778 uam?
948 1712 984 1776 in
1011 1733 1070 1796 pu·

111 1797 240 1863 blicane
262 1818 311 1880 re,
326 1818 397 1881 ,quo
419 1798 456 1862 in
477 1818 594 1883 genere
617 1799 696 1866 mihi
717 1800 899 1886 negligenti¹
911 1821 980 1865 esse
1001 1821 1070 1865 non

111 1886 198 1968 licet,
220 1906 265 1950 an
285 1885 322 1950 in
343 1885 466 1952 forensi
488 1886 608 1971 labore,
630 1908 726 1970 quem
740 1892 836 1952 antea
858 1891 990 1973 propter
1003 1911 1069 1952 cm·

111 1973 272 2040 bitionem
290 1973 498 2059 sustinebam,
518 1996 615 2059 nune,
637 1980 672 2042 ut
685 1975 877 2062 dignitatem
899 1977 984 2042 tueri
997 1995 1070 2062 gra·

111 2063 158 2128 tie
179 2061 314 2147 poesim,
337 2083 380 2127 an
401 2063 437 2129 ln
459 2063 539 2147 ipsis
562 2063 745 2130 domesticis
767 2065 924 2150 negotiis,
943 2065 979 2128 in
1001 2065 1069 2148 qui·

111 2150 171 2215 bus
205 2170 268 2236 ego
300 2172 400 2234 quum
431 2155 545 2235 suma,
580 2155 651 2218 tum
681 2173 757 2218 vero
789 2155 864 2237 post
895 2152 1070 2217 discessum

113 2239 227 2304 fratris
248 2241 282 2303 te
305 2259 532 2323 sermonesque
554 2243 684 2306 nostros
706 2239 875 2304 desidero?
906 2243 1069 2324 postremo

111 2348 180 2394 non
202 2327 297 2394 lsbor
322 2348 413 2392 meus
444 2348 514 2392 non
539 2329 678 2412 requies,
709 2348 777 2393 non
808 2329 976 2413 negotium
1002 2349 1071 2393 non

112 2417 225 2500 otium,
247 2435 317 2480 non
340 2414 486 2480 forenses
508 2437 559 2481 res
581 2437 649 2482 non
673 2416 874 2501 domesticae,
896 2416 1069 2500 mucelli·

112 2523 165 2570 oce
186 2525 257 2570 non
282 2504 428 2587 privatae
451 2525 559 2569 carere
581 2504 701 2570 diutius
728 2508 786 2570 tuo
810 2505 999 2570 suavissimo
1022 2508 1069 2570 at-

113 2614 174 2677 que
216 2592 438 2659 amentissimo
484 2593 619 2659 consilio
660 2614 698 2658 ac
733 2615 881 2668 sermone
923 2597 1069 2678 possunt.

114 2682 222 2765 Atque
244 2680 361 2746 harum
383 2702 489 2746 rerum
519 2682 855 2747 commemorationem
878 2681 1096 2748 verecundiae

114 2790 209 2854 saepe
231 2769 400 2854 impedivit
422 2769 588 2854 utriusque
611 2773 772 2853 nostrum;
794 2791 881 2836 nunc
899 2773 1008 2836 autem
1031 2792 1069 2835 ea

115 2858 178 2924 fuit
198 2857 381 2924 necessaria
406 2862 540 2942 propter
562 2879 634 2923 eam
656 2861 781 2943 partem
804 2859 957 2943 epistolae
984 2863 1070 2942 tuse,

115 2967 170 3030 per
194 2967 293 3030 quam
313 2949 346 3010 te
370 2966 407 3010 ac
429 2967 538 3012 mores
558 2950 633 3012 tuoe
655 2947 736 3012 mihi
757 2950 913 3032 purgatos
937 2967 974 3011 ac
996 2967 1068 3030 pro-

116 3035 209 3100 batos
239 3054 308 3100 esse
335 3034 475 3100 voluisti.
519 3033 627 3118 Atque
653 3035 690 3100 in
715 3036 779 3100 ista
807 3033 1069 3100 incommoditate

116 3123 248 3190 alienati
278 3123 365 3188 illius
397 3123 497 3187 animi
528 3127 562 3188 et
588 3123 702 3188 offensi
733 3123 813 3188 illud
843 3123 929 3187 inest
959 3124 1070 3184 tamen

116 3211 289 3296 commodi,
312 3211 398 3296 quod
421 3216 455 3276 et
475 3211 557 3276 mihi
579 3214 613 3276 et
634 3211 747 3276 ceteris
769 3209 881 3274 emieis
903 3207 967 3273 tuis
990 3212 1070 3274 nota

185 3435 238 3508 Ep.
255 3444 297 3506 17,
312 3443 335 3492 5.
360 3443 437 3494 estet
450 3439 539 3508 iopen.
559 3439 600 3506 (L,
619 3438 751 3507 „quidam
765 3435 848 3491 libri‘*
867 3435 974 3504 Lamo,
992 3436 1020 3504 1,,
1039 3450 1069 3492 or

117 3508 173 3577 Z.)?
191 3538 227 3548 —
244 3509 369 3576 frctcmo
383 3525 473 3564 amore
486 3510 513 3563 d.
527 3509 621 3632 vulgo.
640 3510 661 3575 f.
677 3507 728 3590 [a]
739 3507 765 3561 d.
779 3505 853 3573 Ern,
868 3506 898 3558 B.
936 3511 960 3559 6.
976 3505 1069 3574 publi-

117 3593 183 3634 cone
200 3594 229 3633 rc
248 3578 316 3648 (Zb,
329 3594 427 3650 margo
443 3584 512 3634 1584
525 3594 553 3634 o:
592 3579 630 3645 1.).
646 3577 761 3646 publecis
773 3591 802 3630 re
820 3574 924 3642 (ΗΒΕ,
938 3575 988 3642 ph,
1007 3574 1068 3640 B.)?
