2484 3974
170 227 429 285 EPISTOLARUM
447 228 497 284 AD
515 227 743 284 ATTICIJMIX.
764 234 805 283 11.
826 233 867 286 111.
928 224 994 288 329

43 393 105 437 esse
128 371 164 439 in
185 375 317 440 maximi
339 373 486 440 beneficii
509 374 664 440 memoria
690 373 826 458 possim;
857 393 938 456 quae
966 369 995 436 si

42 464 163 526 tantun
190 462 231 528 ad
260 484 311 529 me
334 463 440 548 ipsum
463 463 675 547 pertinerent,
707 483 869 546 sperarem
896 481 947 524 me
974 481 995 523 a

42 553 70 614 te
90 553 200 616 tamen
212 551 470 635 impetraturum,
493 551 557 636 scd,
579 554 617 616 ut
633 550 780 634 arbitror,
802 553 835 614 11
849 549 890 614 ad
903 551 994 614 tuam

42 637 129 703 fidem
160 642 194 706 et
220 641 261 705 ad
288 638 545 724 rempublicam
572 639 713 724 pertinet
739 659 790 704 mc
817 659 856 702 ex
882 636 996 722 paucis

43 728 134 792 etad
153 729 320 813 utriusque
343 731 486 794 vestrum
514 731 546 792 et
573 727 615 791 ad
642 727 759 794 civium
789 725 995 791 concordiam

43 835 94 898 per
114 820 148 881 tc
170 839 268 901 quam
290 815 657 882 accommodatissimum
676 814 869 881 conservari.
911 812 998 899 Ilgo,

44 925 136 986 quum
158 909 255 970 antea
276 904 336 969 tibi
359 904 398 969 de
421 903 559 969 Lentulo
583 904 706 989 gratias
729 904 880 990 egissem,
910 901 995 986 quod

44 992 69 1054 ei
90 993 198 1078 saluti,
230 993 285 1077 qui
307 991 389 1058 mihi
414 992 541 1076 fuerat,
563 991 694 1078 fuisses,
719 995 790 1058 tum
812 991 904 1056 lectis
926 989 996 1054 eius

44 1077 162 1165 litteris,
186 1102 266 1166 quas
289 1081 330 1145 ad
344 1102 396 1146 me
409 1080 593 1166 gratissimo
608 1081 716 1147 animo
732 1081 770 1145 de
785 1084 844 1145 tua
856 1077 995 1145 liberali·

45 1170 104 1232 tato
131 1168 349 1254 beneficioque
377 1169 478 1254 misit,
510 1169 645 1235 eandem
672 1191 724 1234 me
751 1169 889 1234 salutem
916 1189 936 1231 1
962 1169 997 1230 10

46 1257 196 1342 accepisse
219 1258 332 1342 putavi
354 1279 452 1343 quam
473 1258 544 1341 ille3
567 1259 603 1322 in
617 1279 712 1342 quem
726 1257 818 1324 sime
840 1255 998 1341 intelligis

45 1363 108 1408 esse
131 1348 269 1430 gratum,
291 1367 377 1432 cura,
399 1345 548 1431 obsecre,
570 1349 608 1411 ut
630 1346 728 1412 etiam
749 1345 786 1412 in
806 1343 997 1432 Pompeium

46 1451 108 1498 esse
134 1455 264 1518 possrm.

484 1593 557 1658 XII.

47 1709 99 1767 Sor.
117 1713 146 1768 in
163 1714 312 1770 Formiano
331 1731 356 1770 a.
376 1713 402 1769 d.
421 1714 495 1770 XIII.
514 1713 654 1770 Mandas
671 1713 783 1784 Apriles
802 1729 827 1770 a
846 1732 874 1770 n.
892 1731 916 1769 o.
936 1717 995 1769 705.

313 1818 460 1874 CICERO
478 1820 628 1876 ATTICO
648 1819 731 1875 SAL.
773 1867 777 1872 .

108 1925 264 2014 Legeram
290 1929 362 1992 tuas
384 1928 509 1994 litteras
532 1945 602 1994 xm.
624 1929 673 2012 K,
701 1951 799 2013 quum
825 1927 905 1993 milri
932 1929 1024 2012 epi-r

51 2015 127 2079 stola
156 2017 289 2080 affertur
315 2038 335 2080 a
363 2014 468 2102 Lepta
496 2016 772 2082 circumvallatum
803 2037 872 2081 ease
902 2014 997 2082 Pom·

50 2103 161 2189 poium,
196 2104 322 2169 ratibus
358 2106 456 2169 etiam
492 2105 596 2170 exitus
631 2108 744 2189 portus
778 2104 894 2169 teneri:
929 2123 998 2168 non

51 2191 163 2257 medius
198 2191 295 2256 lidius
330 2213 407 2276 prae
443 2192 584 2258 lacrimis
620 2213 752 2278 possum
783 2191 907 2276 reliqua
937 2211 998 2256 nec

52 2280 184 2365 cogitare
201 2302 262 2344 nec
276 2281 426 2364 scribere3
443 2281 518 2346 misi
536 2280 577 2346 ad
590 2285 623 2346 te
641 2281 830 2366 exemplum.
861 2278 998 2344 Miseros

51 2369 117 2432 nost
150 2390 208 2434 our
242 2389 310 2433 non
346 2391 458 2435 omnes
493 2369 598 2434 fatum
634 2370 720 2434 illius
756 2391 822 2434 una
857 2368 999 2433 exsecuti

53 2457 174 2522 sumus?
218 2455 304 2522 Ecce
332 2460 440 2522 autem
468 2457 611 2524 allatio
639 2462 673 2522 et
693 2457 845 2524 Trebatio
877 2457 1002 2542 cadem,

53 2544 158 2626 quibus
188 2545 365 2610 Minturnis
402 2546 489 2612 obvii
520 2544 666 2613 Caesaris
701 2546 870 2611 tabellarii.
920 2545 998 2611 Tor·

53 2651 143 2715 queor
167 2635 293 2719 infelix,
324 2635 452 2699 utiam
481 2634 572 2700 illum
594 2634 781 2700 Mucianum
804 2635 924 2701 exitum
947 2656 999 2700 ex·

53 2725 160 2805 optem.
203 2723 251 2789 At
277 2745 374 2809 quam
395 2723 547 2808 honesta,
579 2727 614 2789 at
641 2746 737 2808 quam
767 2723 915 2810 expedita
941 2727 999 2788 tua

53 2813 190 2899 consilia,
227 2834 324 2899 quam
359 2813 513 2898 evigilata
547 2813 612 2878 tuis
648 2813 900 2898 cogitationibus
935 2833 1000 2897 qua

54 2897 175 2987 Itineris,
198 2925 262 2987 qua
284 2901 512 2988 navigationis,
535 2923 599 2986 qua
615 2920 806 2987 congressus
829 2899 1000 2965 sermonis·
1090 2945 1094 2952 ,

54 3007 107 3070 quc
122 3011 193 3055 cum
208 2988 357 3056 Caesare!
380 2989 490 3056 omnia
513 3005 612 3074 quum
633 2989 780 3073 honesta,
802 2991 873 3053 tum
895 2991 1001 3052 cauta.

56 3072 87 3138 ln
108 3076 243 3163 Epirum
264 3099 340 3143 vero
362 3078 512 3144 invitatio
536 3101 633 3163 quam
655 3079 776 3161 suavis,
802 3098 900 3160 quam
921 3075 999 3140 libe·
1100 3083 1103 3092 '

55 3165 129 3250 ralis,
150 3188 248 3251 quam
270 3166 427 3232 l'raterna!
468 3165 517 3231 De
540 3166 696 3252 Dionysio
720 3187 792 3231 sum
814 3164 1026 3248 comnotus„

55 3253 101 3333 qui
121 3254 206 3339 apud
228 3275 280 3318 me
302 3255 490 3321 honoratior
512 3255 576 3322 fuit
598 3276 695 3340 quam
717 3252 803 3338 apud
817 3251 1000 3337 Scipionem

54 3333 229 3429 Panaetius,
256 3365 363 3428 aquo
386 3343 600 3428 impurissime
626 3342 707 3410 haec
733 3345 847 3408 nostra
867 3340 1000 3407 fortuna

55 3507 245 3649 wsssspoplk
263 3508 511 3649 pdnffnqpopupigo
530 3549 559 3566 ..
587 3507 738 3576 pertineret
771 3506 1002 3578 (bibl-mam
1031 3589 1033 3596 y
