<?xml version="1.0" encoding="UTF-8"?>
<!DOCTYPE html PUBLIC "-//W3C//DTD XHTML 1.0 Transitional//EN"
    "http://www.w3.org/TR/xhtml1/DTD/xhtml1-transitional.dtd">
<html xmlns="http://www.w3.org/1999/xhtml" xml:lang="en" lang="en">
 <head>
  <title>
</title>
<meta http-equiv="Content-Type" content="text/html;charset=utf-8" />
  <meta name='ocr-system' content='tesseract 3.04.00' />
  <meta name='ocr-capabilities' content='ocr_page ocr_carea ocr_par ocr_line ocrx_word'/>
</head>
<body>
  <div class='ocr_page' id='page_1' title='image "./epistolae01wesegoog_0153.png"; bbox 0 0 2570 3958; ppageno 0'>
   <div class='ocr_carea' id='block_1_1' title="bbox 222 237 1047 305">
    <p class='ocr_par' dir='ltr' id='par_1_1' title="bbox 222 237 1047 305">
     <span class='ocr_line' id='line_1_1' title="bbox 222 237 1047 305; baseline 0.017 -14"><span class='ocrx_word' id='word_1_1' title='bbox 222 237 482 295; x_wconf 80' lang='lat' dir='ltr'>EPISTOLARUM</span> <span class='ocrx_word' id='word_1_2' title='bbox 499 239 549 295; x_wconf 81' lang='lat' dir='ltr'>AD</span> <span class='ocrx_word' id='word_1_3' title='bbox 568 241 734 297; x_wconf 81' lang='lat' dir='ltr'>ATTICUM</span> <span class='ocrx_word' id='word_1_4' title='bbox 751 242 798 298; x_wconf 87' lang='lat' dir='ltr'>IV.</span> <span class='ocrx_word' id='word_1_5' title='bbox 819 249 860 297; x_wconf 83' lang='lat'>15.</span> <span class='ocrx_word' id='word_1_6' title='bbox 880 249 921 298; x_wconf 80' lang='lat'>16.</span> <span class='ocrx_word' id='word_1_7' title='bbox 983 241 1047 305; x_wconf 81' lang='lat'>143</span> 
     </span>
    </p>
   </div>
   <div class='ocr_carea' id='block_1_2' title="bbox 84 379 1088 1266">
    <p class='ocr_par' dir='ltr' id='par_1_2' title="bbox 84 379 1088 1266">
     <span class='ocr_line' id='line_1_2' title="bbox 86 379 1047 471; baseline 0.005 -24"><span class='ocrx_word' id='word_1_8' title='bbox 86 382 292 448; x_wconf 74' lang='lat' dir='ltr'>omtionibus</span> <span class='ocrx_word' id='word_1_9' title='bbox 306 383 428 449; x_wconf 87' lang='lat' dir='ltr'>indices</span> <span class='ocrx_word' id='word_1_10' title='bbox 451 385 592 471; x_wconf 80' lang='lat' dir='ltr'><strong>gloriosi.</strong></span> <span class='ocrx_word' id='word_1_11' title='bbox 618 385 769 452; x_wconf 84' lang='lat' dir='ltr'>Fortasse</span> <span class='ocrx_word' id='word_1_12' title='bbox 783 379 937 452; x_wconf 84' lang='lat' dir='ltr'>accedent</span> <span class='ocrx_word' id='word_1_13' title='bbox 949 386 1047 453; x_wconf 87' lang='lat' dir='ltr'>etiam</span> 
     </span>
     <span class='ocr_line' id='line_1_3' title="bbox 87 471 1047 559; baseline 0.004 -23"><span class='ocrx_word' id='word_1_14' title='bbox 87 472 239 536; x_wconf 83' lang='lat' dir='ltr'>consules</span> <span class='ocrx_word' id='word_1_15' title='bbox 263 471 434 558; x_wconf 79' lang='lat' dir='ltr'>designati,</span> <span class='ocrx_word' id='word_1_16' title='bbox 455 473 490 538; x_wconf 86' lang='lat' dir='ltr'>in</span> <span class='ocrx_word' id='word_1_17' title='bbox 512 474 629 558; x_wconf 87' lang='lat' dir='ltr'>quibus</span> <span class='ocrx_word' id='word_1_18' title='bbox 648 475 677 539; x_wconf 89' lang='lat' dir='ltr'>si</span> <span class='ocrx_word' id='word_1_19' title='bbox 690 473 828 540; x_wconf 76' lang='lat' dir='ltr'><strong>Scaurus</strong></span> <span class='ocrx_word' id='word_1_20' title='bbox 849 497 919 542; x_wconf 90' lang='lat' dir='ltr'>non</span> <span class='ocrx_word' id='word_1_21' title='bbox 939 474 1047 559; x_wconf 78' lang='lat' dir='ltr'>fuerit,</span> 
     </span>
     <span class='ocr_line' id='line_1_4' title="bbox 87 558 1088 640; baseline 0.005 -17"><span class='ocrx_word' id='word_1_22' title='bbox 87 558 123 624; x_wconf 87' lang='lat' dir='ltr'>in</span> <span class='ocrx_word' id='word_1_23' title='bbox 145 559 211 624; x_wconf 89' lang='lat' dir='ltr'>hoc</span> <span class='ocrx_word' id='word_1_24' title='bbox 233 559 351 626; x_wconf 90' lang='lat' dir='ltr'>iudicio</span> <span class='ocrx_word' id='word_1_25' title='bbox 366 560 458 626; x_wconf 83' lang='lat' dir='ltr'>valde</span> <span class='ocrx_word' id='word_1_26' title='bbox 481 562 650 628; x_wconf 77' lang='lat' dir='ltr'>laborabit.</span> <span class='ocrx_word' id='word_1_27' title='bbox 686 562 736 628; x_wconf 87' lang='lat' dir='ltr'>Ex</span> <span class='ocrx_word' id='word_1_28' title='bbox 750 561 786 640; x_wconf 82' lang='lat' dir='ltr'>Q.</span> <span class='ocrx_word' id='word_1_29' title='bbox 798 562 910 629; x_wconf 84' lang='lat' dir='ltr'>fratris</span> <span class='ocrx_word' id='word_1_30' title='bbox 929 563 1046 628; x_wconf 88' lang='lat' dir='ltr'>litteris</span> <span class='ocrx_word' id='word_1_31' title='bbox 1060 580 1088 621; x_wconf 74' lang='grc' dir='ltr'>ιο</span> 
     </span>
     <span class='ocr_line' id='line_1_5' title="bbox 88 648 1046 736; baseline 0.007 -25"><span class='ocrx_word' id='word_1_32' title='bbox 88 648 236 732; x_wconf 85' lang='lat' dir='ltr'>suspicor</span> <span class='ocrx_word' id='word_1_33' title='bbox 249 648 315 712; x_wconf 87' lang='lat' dir='ltr'>iam</span> <span class='ocrx_word' id='word_1_34' title='bbox 334 671 407 713; x_wconf 89' lang='lat' dir='ltr'>enm</span> <span class='ocrx_word' id='word_1_35' title='bbox 421 671 490 714; x_wconf 86' lang='lat' dir='ltr'>esse</span> <span class='ocrx_word' id='word_1_36' title='bbox 507 650 543 714; x_wconf 91' lang='lat' dir='ltr'>in</span> <span class='ocrx_word' id='word_1_37' title='bbox 557 650 743 716; x_wconf 74' lang='lat' dir='ltr'>Britannia:</span> <span class='ocrx_word' id='word_1_38' title='bbox 766 673 922 736; x_wconf 87' lang='lat' dir='ltr'>suspenso</span> <span class='ocrx_word' id='word_1_39' title='bbox 938 653 1046 718; x_wconf 85' lang='lat' dir='ltr'>animo</span> 
     </span>
     <span class='ocr_line' id='line_1_6' title="bbox 87 737 1047 825; baseline 0.005 -25"><span class='ocrx_word' id='word_1_40' title='bbox 87 739 254 820; x_wconf 71' lang='lat' dir='ltr'>exspecto,</span> <span class='ocrx_word' id='word_1_41' title='bbox 286 737 364 821; x_wconf 88' lang='lat' dir='ltr'>quid</span> <span class='ocrx_word' id='word_1_42' title='bbox 396 741 486 822; x_wconf 81' lang='lat' dir='ltr'>agat3</span> <span class='ocrx_word' id='word_1_43' title='bbox 516 739 595 804; x_wconf 93' lang='lat' dir='ltr'>illud</span> <span class='ocrx_word' id='word_1_44' title='bbox 628 740 756 824; x_wconf 90' lang='lat' dir='ltr'>quidem</span> <span class='ocrx_word' id='word_1_45' title='bbox 788 761 899 805; x_wconf 90' lang='lat' dir='ltr'>sumus</span> <span class='ocrx_word' id='word_1_46' title='bbox 931 740 1047 825; x_wconf 88' lang='lat' dir='ltr'>adepti,</span> 
     </span>
     <span class='ocr_line' id='line_1_7' title="bbox 87 825 1048 914; baseline 0.003 -25"><span class='ocrx_word' id='word_1_47' title='bbox 87 825 175 908; x_wconf 90' lang='lat' dir='ltr'>quod</span> <span class='ocrx_word' id='word_1_48' title='bbox 203 825 314 890; x_wconf 85' lang='lat' dir='ltr'>multis</span> <span class='ocrx_word' id='word_1_49' title='bbox 341 829 375 890; x_wconf 87' lang='lat' dir='ltr'>et</span> <span class='ocrx_word' id='word_1_50' title='bbox 400 827 528 912; x_wconf 79' lang='lat' dir='ltr'>magnis</span> <span class='ocrx_word' id='word_1_51' title='bbox 555 827 681 893; x_wconf 87' lang='lat' dir='ltr'>iudiciis</span> <span class='ocrx_word' id='word_1_52' title='bbox 704 849 875 914; x_wconf 90' lang='lat' dir='ltr'>possumus</span> <span class='ocrx_word' id='word_1_53' title='bbox 897 827 1048 913; x_wconf 82' lang='lat' dir='ltr'>iudicare,</span> 
     </span>
     <span class='ocr_line' id='line_1_8' title="bbox 87 909 1047 983; baseline 0.004 -7"><span class='ocrx_word' id='word_1_54' title='bbox 87 933 148 977; x_wconf 91' lang='lat' dir='ltr'>nos</span> <span class='ocrx_word' id='word_1_55' title='bbox 167 909 314 978; x_wconf 78' lang='lat' dir='ltr'>&#39;Caesari</span> <span class='ocrx_word' id='word_1_56' title='bbox 344 917 379 978; x_wconf 85' lang='lat' dir='ltr'>et</span> <span class='ocrx_word' id='word_1_57' title='bbox 414 914 594 981; x_wconf 83' lang='lat' dir='ltr'>carissimos</span> <span class='ocrx_word' id='word_1_58' title='bbox 626 919 660 980; x_wconf 89' lang='lat' dir='ltr'>et</span> <span class='ocrx_word' id='word_1_59' title='bbox 689 915 937 983; x_wconf 81' lang='lat' dir='ltr'>iucundissim&#39;os</span> <span class='ocrx_word' id='word_1_60' title='bbox 969 937 1047 982; x_wconf 89' lang='lat' dir='ltr'>esse.</span> 
     </span>
     <span class='ocr_line' id='line_1_9' title="bbox 85 1000 1047 1090; baseline 0.006 -26"><span class='ocrx_word' id='word_1_61' title='bbox 85 1000 282 1086; x_wconf 81' lang='lat' dir='ltr'>Dionysium</span> <span class='ocrx_word' id='word_1_62' title='bbox 311 1001 409 1067; x_wconf 85' lang='lat' dir='ltr'>velim</span> <span class='ocrx_word' id='word_1_63' title='bbox 436 1003 558 1069; x_wconf 82' lang='lat' dir='ltr'>salvere</span> <span class='ocrx_word' id='word_1_64' title='bbox 588 1004 700 1069; x_wconf 89' lang='lat' dir='ltr'>iubeas</span> <span class='ocrx_word' id='word_1_65' title='bbox 732 1008 766 1070; x_wconf 88' lang='lat' dir='ltr'>et</span> <span class='ocrx_word' id='word_1_66' title='bbox 792 1026 866 1070; x_wconf 90' lang='lat' dir='ltr'>eum</span> <span class='ocrx_word' id='word_1_67' title='bbox 891 1025 987 1090; x_wconf 81' lang='lat' dir='ltr'>roges</span> <span class='ocrx_word' id='word_1_68' title='bbox 1014 1008 1047 1070; x_wconf 89' lang='lat' dir='ltr'>et</span> 
     </span>
     <span class='ocr_line' id='line_1_10' title="bbox 84 1089 1047 1177; baseline 0.006 -24"><span class='ocrx_word' id='word_1_69' title='bbox 84 1089 233 1174; x_wconf 80' lang='lat' dir='ltr'>hortere,</span> <span class='ocrx_word' id='word_1_70' title='bbox 263 1093 302 1154; x_wconf 88' lang='lat' dir='ltr'>ut</span> <span class='ocrx_word' id='word_1_71' title='bbox 323 1111 421 1174; x_wconf 88' lang='lat' dir='ltr'>quam</span> <span class='ocrx_word' id='word_1_72' title='bbox 448 1091 587 1176; x_wconf 89' lang='lat' dir='ltr'>primum</span> <span class='ocrx_word' id='word_1_73' title='bbox 613 1093 738 1176; x_wconf 89' lang='lat' dir='ltr'>veniat,</span> <span class='ocrx_word' id='word_1_74' title='bbox 769 1097 807 1158; x_wconf 90' lang='lat' dir='ltr'>ut</span> <span class='ocrx_word' id='word_1_75' title='bbox 833 1093 938 1177; x_wconf 85' lang='lat' dir='ltr'>possit</span> <span class='ocrx_word' id='word_1_76' title='bbox 960 1091 1047 1158; x_wconf 87' lang='lat' dir='ltr'>Cice·</span> 
     </span>
     <span class='ocr_line' id='line_1_11' title="bbox 85 1180 930 1266; baseline 0.005 -23"><span class='ocrx_word' id='word_1_77' title='bbox 85 1198 202 1243; x_wconf 80' lang='lat' dir='ltr'>ronam</span> <span class='ocrx_word' id='word_1_78' title='bbox 224 1199 332 1244; x_wconf 86' lang='lat' dir='ltr'>meum</span> <span class='ocrx_word' id='word_1_79' title='bbox 355 1182 451 1264; x_wconf 85' lang='lat' dir='ltr'>atque</span> <span class='ocrx_word' id='word_1_80' title='bbox 474 1180 571 1244; x_wconf 86' lang='lat' dir='ltr'>etiam</span> <span class='ocrx_word' id='word_1_81' title='bbox 593 1201 644 1246; x_wconf 89' lang='lat' dir='ltr'>me</span> <span class='ocrx_word' id='word_1_82' title='bbox 666 1182 774 1266; x_wconf 86' lang='lat' dir='ltr'>ipsum</span> <span class='ocrx_word' id='word_1_83' title='bbox 796 1180 930 1248; x_wconf 87' lang='lat' dir='ltr'>erudire.</span> 
     </span>
    </p>
   </div>
   <div class='ocr_carea' id='block_1_3' title="bbox 522 1373 611 1441">
    <p class='ocr_par' dir='ltr' id='par_1_3' title="bbox 522 1373 611 1441">
     <span class='ocr_line' id='line_1_12' title="bbox 522 1373 611 1441; baseline 0 -1"><span class='ocrx_word' id='word_1_84' title='bbox 522 1373 611 1441; x_wconf 83' lang='lat' dir='ltr'>XVI.</span> 
     </span>
    </p>
   </div>
   <div class='ocr_carea' id='block_1_4' title="bbox 238 1492 900 1658">
    <p class='ocr_par' dir='ltr' id='par_1_4' title="bbox 238 1492 900 1658">
     <span class='ocr_line' id='line_1_13' title="bbox 238 1492 900 1562; baseline 0.011 -15"><span class='ocrx_word' id='word_1_85' title='bbox 238 1492 296 1548; x_wconf 82' lang='lat' dir='ltr'>Sor.</span> <span class='ocrx_word' id='word_1_86' title='bbox 315 1493 421 1549; x_wconf 85' lang='lat' dir='ltr'>Romae</span> <span class='ocrx_word' id='word_1_87' title='bbox 439 1510 534 1552; x_wconf 84' lang='lat' dir='ltr'>mense</span> <span class='ocrx_word' id='word_1_88' title='bbox 554 1495 689 1562; x_wconf 79' lang='lat' dir='ltr'>Quinctili</span> <span class='ocrx_word' id='word_1_89' title='bbox 707 1515 732 1552; x_wconf 89' lang='lat' dir='ltr'>a.</span> <span class='ocrx_word' id='word_1_90' title='bbox 751 1516 777 1552; x_wconf 90' lang='lat' dir='ltr'>u.</span> <span class='ocrx_word' id='word_1_91' title='bbox 796 1513 820 1553; x_wconf 85' lang='lat' dir='ltr'>e.</span> <span class='ocrx_word' id='word_1_92' title='bbox 840 1503 900 1554; x_wconf 77' lang='lat'>⁷00.</span> 
     </span>
     <span class='ocr_line' id='line_1_14' title="bbox 380 1599 758 1658; baseline 0 -2"><span class='ocrx_word' id='word_1_93' title='bbox 380 1599 509 1656; x_wconf 78' lang='lat' dir='ltr'>CICERO</span> <span class='ocrx_word' id='word_1_94' title='bbox 527 1601 663 1658; x_wconf 84' lang='lat' dir='ltr'>ATTICO</span> <span class='ocrx_word' id='word_1_95' title='bbox 683 1602 758 1656; x_wconf 83' lang='lat' dir='ltr'>SAL.</span> 
     </span>
    </p>
   </div>
   <div class='ocr_carea' id='block_1_5' title="bbox 153 1707 1070 1798">
    <p class='ocr_par' dir='ltr' id='par_1_5' title="bbox 153 1707 1070 1798">
     <span class='ocr_line' id='line_1_15' title="bbox 153 1707 1070 1798; baseline 0.005 -24"><span class='ocrx_word' id='word_1_96' title='bbox 153 1707 413 1792; x_wconf 88' lang='lat' dir='ltr'>Occupationum</span> <span class='ocrx_word' id='word_1_97' title='bbox 427 1731 569 1774; x_wconf 87' lang='lat' dir='ltr'>mearum</span> <span class='ocrx_word' id='word_1_98' title='bbox 583 1712 633 1777; x_wconf 81' lang='lat' dir='ltr'>vel</span> <span class='ocrx_word' id='word_1_99' title='bbox 647 1710 709 1776; x_wconf 92' lang='lat' dir='ltr'>hoo</span> <span class='ocrx_word' id='word_1_100' title='bbox 723 1711 852 1797; x_wconf 85' lang='lat' dir='ltr'>signum</span> <span class='ocrx_word' id='word_1_101' title='bbox 866 1713 936 1798; x_wconf 81' lang='lat' dir='ltr'>erit,</span> <span class='ocrx_word' id='word_1_102' title='bbox 958 1713 1070 1798; x_wconf 86' lang='lat' dir='ltr'>qnod¹</span> 
     </span>
    </p>
   </div>
   <div class='ocr_carea' id='block_1_6' title="bbox 86 1797 1071 3120">
    <p class='ocr_par' dir='ltr' id='par_1_6' title="bbox 86 1797 1071 3120">
     <span class='ocr_line' id='line_1_16' title="bbox 86 1797 1046 1886; baseline 0.007 -26"><span class='ocrx_word' id='word_1_103' title='bbox 86 1797 227 1881; x_wconf 90' lang='lat' dir='ltr'>epistola</span> <span class='ocrx_word' id='word_1_104' title='bbox 239 1797 364 1862; x_wconf 82' lang='lat' dir='ltr'>librarii</span> <span class='ocrx_word' id='word_1_105' title='bbox 383 1818 482 1863; x_wconf 92' lang='lat' dir='ltr'>manu</span> <span class='ocrx_word' id='word_1_106' title='bbox 496 1802 554 1865; x_wconf 87' lang='lat' dir='ltr'>est.</span> <span class='ocrx_word' id='word_1_107' title='bbox 577 1798 626 1864; x_wconf 89' lang='lat' dir='ltr'>De</span> <span class='ocrx_word' id='word_1_108' title='bbox 641 1799 850 1884; x_wconf 77' lang='lat' dir='ltr'>epistolarum</span> <span class='ocrx_word' id='word_1_109' title='bbox 864 1801 1046 1886; x_wconf 74' lang='lat' dir='ltr'>frequentia</span> 
     </span>
     <span class='ocr_line' id='line_1_17' title="bbox 86 1885 1045 1972; baseline 0.007 -24"><span class='ocrx_word' id='word_1_110' title='bbox 86 1889 118 1949; x_wconf 86' lang='lat' dir='ltr'>te</span> <span class='ocrx_word' id='word_1_111' title='bbox 144 1885 230 1949; x_wconf 89' lang='lat' dir='ltr'>nihil</span> <span class='ocrx_word' id='word_1_112' title='bbox 257 1906 387 1970; x_wconf 87' lang='lat' dir='ltr'>accuso,</span> <span class='ocrx_word' id='word_1_113' title='bbox 419 1887 475 1951; x_wconf 89' lang='lat' dir='ltr'>sed</span> <span class='ocrx_word' id='word_1_114' title='bbox 505 1887 676 1972; x_wconf 77' lang='lat' dir='ltr'>pleraeque</span> <span class='ocrx_word' id='word_1_115' title='bbox 707 1890 933 1955; x_wconf 84' lang='lat' dir='ltr'>tantummodo</span> <span class='ocrx_word' id='word_1_116' title='bbox 965 1890 1045 1954; x_wconf 91' lang='lat' dir='ltr'>mihi</span> 
     </span>
     <span class='ocr_line' id='line_1_18' title="bbox 87 1973 1044 2062; baseline 0.004 -24"><span class='ocrx_word' id='word_1_117' title='bbox 87 1973 294 2058; x_wconf 81' lang='lat' dir='ltr'>nuntiabant,</span> <span class='ocrx_word' id='word_1_118' title='bbox 316 1974 372 2039; x_wconf 89' lang='lat' dir='ltr'>ubi</span> <span class='ocrx_word' id='word_1_119' title='bbox 395 1995 494 2059; x_wconf 88' lang='lat' dir='ltr'>esses,</span> <span class='ocrx_word' id='word_1_120' title='bbox 516 1977 567 2042; x_wconf 82' lang='lat' dir='ltr'>vel</span> <span class='ocrx_word' id='word_1_121' title='bbox 590 1977 687 2040; x_wconf 87' lang='lat' dir='ltr'>ctiam</span> <span class='ocrx_word' id='word_1_122' title='bbox 710 1977 938 2062; x_wconf 85' lang='lat' dir='ltr'>significabant</span> <span class='ocrx_word' id='word_1_123' title='bbox 959 1981 1044 2044; x_wconf 89' lang='lat' dir='ltr'>recte</span> 
     </span>
     <span class='ocr_line' id='line_1_19' title="bbox 88 2061 1045 2151; baseline 0.004 -25"><span class='ocrx_word' id='word_1_124' title='bbox 88 2083 170 2146; x_wconf 85' lang='lat' dir='ltr'>esse,</span> <span class='ocrx_word' id='word_1_125' title='bbox 203 2061 290 2146; x_wconf 92' lang='lat' dir='ltr'>quod</span> <span class='ocrx_word' id='word_1_126' title='bbox 318 2066 411 2127; x_wconf 88' lang='lat' dir='ltr'>erant</span> <span class='ocrx_word' id='word_1_127' title='bbox 437 2064 494 2128; x_wconf 90' lang='lat' dir='ltr'>abs</span> <span class='ocrx_word' id='word_1_128' title='bbox 526 2067 572 2148; x_wconf 85' lang='lat' dir='ltr'>te,</span> <span class='ocrx_word' id='word_1_129' title='bbox 604 2085 668 2148; x_wconf 91' lang='lat' dir='ltr'>quo</span> <span class='ocrx_word' id='word_1_130' title='bbox 697 2064 732 2128; x_wconf 92' lang='lat' dir='ltr'>in</span> <span class='ocrx_word' id='word_1_131' title='bbox 763 2086 880 2151; x_wconf 81' lang='lat' dir='ltr'>genere</span> <span class='ocrx_word' id='word_1_132' title='bbox 906 2066 1045 2130; x_wconf 81' lang='lat' dir='ltr'>maxime</span> 
     </span>
     <span class='ocr_line' id='line_1_20' title="bbox 88 2149 1044 2237; baseline 0.006 -24"><span class='ocrx_word' id='word_1_133' title='bbox 88 2150 291 2215; x_wconf 83' lang='lat' dir='ltr'>delectarunt</span> <span class='ocrx_word' id='word_1_134' title='bbox 304 2149 386 2216; x_wconf 90' lang='lat' dir='ltr'>duae</span> <span class='ocrx_word' id='word_1_135' title='bbox 399 2151 466 2216; x_wconf 89' lang='lat' dir='ltr'>fere</span> <span class='ocrx_word' id='word_1_136' title='bbox 481 2152 593 2219; x_wconf 89' lang='lat' dir='ltr'>eodem</span> <span class='ocrx_word' id='word_1_137' title='bbox 605 2156 750 2237; x_wconf 87' lang='lat' dir='ltr'>tempore</span> <span class='ocrx_word' id='word_1_138' title='bbox 765 2153 822 2218; x_wconf 88' lang='lat' dir='ltr'>abs</span> <span class='ocrx_word' id='word_1_139' title='bbox 837 2157 869 2218; x_wconf 89' lang='lat' dir='ltr'>te</span> <span class='ocrx_word' id='word_1_140' title='bbox 883 2153 1044 2219; x_wconf 86' lang='lat' dir='ltr'>Buthroto</span> 
     </span>
     <span class='ocr_line' id='line_1_21' title="bbox 89 2238 1044 2326; baseline 0.004 -24"><span class='ocrx_word' id='word_1_141' title='bbox 89 2238 197 2322; x_wconf 61' lang='lat' dir='ltr'>dabo,</span> <span class='ocrx_word' id='word_1_142' title='bbox 228 2240 309 2304; x_wconf 88' lang='lat' dir='ltr'>scire</span> <span class='ocrx_word' id='word_1_143' title='bbox 337 2239 423 2304; x_wconf 89' lang='lat' dir='ltr'>enim</span> <span class='ocrx_word' id='word_1_144' title='bbox 445 2241 592 2306; x_wconf 88' lang='lat' dir='ltr'>volebam</span> <span class='ocrx_word' id='word_1_145' title='bbox 622 2244 654 2306; x_wconf 91' lang='lat' dir='ltr'>te</span> <span class='ocrx_word' id='word_1_146' title='bbox 677 2242 843 2307; x_wconf 90' lang='lat' dir='ltr'>commode</span> <span class='ocrx_word' id='word_1_147' title='bbox 865 2242 1044 2326; x_wconf 82' lang='lat' dir='ltr'>navigasse.</span> 
     </span>
     <span class='ocr_line' id='line_1_22' title="bbox 88 2325 1045 2414; baseline 0.003 -23"><span class='ocrx_word' id='word_1_148' title='bbox 88 2325 150 2392; x_wconf 87' lang='lat' dir='ltr'>Sed</span> <span class='ocrx_word' id='word_1_149' title='bbox 176 2326 259 2392; x_wconf 86' lang='lat' dir='ltr'>haec</span> <span class='ocrx_word' id='word_1_150' title='bbox 282 2328 490 2412; x_wconf 74' lang='lat' dir='ltr'>epistolarum</span> <span class='ocrx_word' id='word_1_151' title='bbox 515 2329 697 2414; x_wconf 84' lang='lat' dir='ltr'>frequentia</span> <span class='ocrx_word' id='word_1_152' title='bbox 718 2350 786 2395; x_wconf 89' lang='lat' dir='ltr'>non</span> <span class='ocrx_word' id='word_1_153' title='bbox 808 2333 876 2394; x_wconf 90' lang='lat' dir='ltr'>tam</span> <span class='ocrx_word' id='word_1_154' title='bbox 898 2330 1045 2394; x_wconf 86' lang='lat' dir='ltr'>ubertate</span> 
     </span>
     <span class='ocr_line' id='line_1_23' title="bbox 88 2417 1046 2505; baseline 0.002 -24"><span class='ocrx_word' id='word_1_155' title='bbox 88 2437 159 2500; x_wconf 86' lang='lat' dir='ltr'>sua,</span> <span class='ocrx_word' id='word_1_156' title='bbox 188 2436 285 2500; x_wconf 90' lang='lat' dir='ltr'>quam</span> <span class='ocrx_word' id='word_1_157' title='bbox 312 2417 482 2482; x_wconf 85' lang='lat' dir='ltr'>crebritate</span> <span class='ocrx_word' id='word_1_158' title='bbox 504 2417 687 2483; x_wconf 84' lang='lat' dir='ltr'>delectavit:</span> <span class='ocrx_word' id='word_1_159' title='bbox 718 2418 775 2482; x_wconf 87' lang='lat' dir='ltr'>illa</span> <span class='ocrx_word' id='word_1_160' title='bbox 796 2417 860 2484; x_wconf 82' lang='lat' dir='ltr'>fuit</span> <span class='ocrx_word' id='word_1_161' title='bbox 882 2419 989 2505; x_wconf 70' lang='lat' dir='ltr'>graus</span> <span class='ocrx_word' id='word_1_162' title='bbox 1012 2423 1046 2484; x_wconf 89' lang='lat' dir='ltr'>et</span> 
     </span>
     <span class='ocr_line' id='line_1_24' title="bbox 87 2505 1045 2592; baseline 0.004 -24"><span class='ocrx_word' id='word_1_163' title='bbox 87 2505 186 2587; x_wconf 86' lang='lat' dir='ltr'>plena</span> <span class='ocrx_word' id='word_1_164' title='bbox 207 2525 328 2587; x_wconf 76' lang='lat' dir='ltr'>renim,</span> <span class='ocrx_word' id='word_1_165' title='bbox 356 2525 452 2589; x_wconf 89' lang='lat' dir='ltr'>quam</span> <span class='ocrx_word' id='word_1_166' title='bbox 474 2505 554 2570; x_wconf 90' lang='lat' dir='ltr'>mihi</span> <span class='ocrx_word' id='word_1_167' title='bbox 576 2505 621 2570; x_wconf 89' lang='grc' dir='ltr'>Μ.</span> <span class='ocrx_word' id='word_1_168' title='bbox 642 2505 789 2590; x_wconf 86' lang='lat' dir='ltr'>Paccius,</span> <span class='ocrx_word' id='word_1_169' title='bbox 819 2507 938 2592; x_wconf 82' lang='lat' dir='ltr'>hospes</span> <span class='ocrx_word' id='word_1_170' title='bbox 960 2511 1045 2592; x_wconf 85' lang='lat' dir='ltr'>tuus,</span> 
     </span>
     <span class='ocr_line' id='line_1_25' title="bbox 87 2591 1045 2682; baseline 0.005 -27"><span class='ocrx_word' id='word_1_171' title='bbox 87 2592 236 2656; x_wconf 86' lang='lat' dir='ltr'>reddidit</span> <span class='ocrx_word' id='word_1_172' title='bbox 276 2592 329 2657; x_wconf 87' lang='lat' dir='ltr'>Ad</span> <span class='ocrx_word' id='word_1_173' title='bbox 351 2614 423 2658; x_wconf 90' lang='lat' dir='ltr'>eam</span> <span class='ocrx_word' id='word_1_174' title='bbox 445 2594 619 2659; x_wconf 84' lang='lat' dir='ltr'>rescribam</span> <span class='ocrx_word' id='word_1_175' title='bbox 641 2594 750 2680; x_wconf 79' lang='lat' dir='ltr'>igitur,</span> <span class='ocrx_word' id='word_1_176' title='bbox 772 2599 806 2660; x_wconf 87' lang='lat' dir='ltr'>et</span> <span class='ocrx_word' id='word_1_177' title='bbox 829 2591 893 2662; x_wconf 90' lang='lat' dir='ltr'>hoo</span> <span class='ocrx_word' id='word_1_178' title='bbox 916 2597 1045 2682; x_wconf 89' lang='lat' dir='ltr'>quidem</span> 
     </span>
     <span class='ocr_line' id='line_1_26' title="bbox 87 2680 1045 2769; baseline 0.004 -24"><span class='ocrx_word' id='word_1_179' title='bbox 87 2681 243 2764; x_wconf 87' lang='lat' dir='ltr'>primum:</span> <span class='ocrx_word' id='word_1_180' title='bbox 274 2680 388 2746; x_wconf 87' lang='lat' dir='ltr'>Paccio</span> <span class='ocrx_word' id='word_1_181' title='bbox 413 2685 446 2746; x_wconf 88' lang='lat' dir='ltr'>et</span> <span class='ocrx_word' id='word_1_182' title='bbox 467 2682 572 2747; x_wconf 82' lang='lat' dir='ltr'>verbis</span> <span class='ocrx_word' id='word_1_183' title='bbox 596 2685 629 2746; x_wconf 89' lang='lat' dir='ltr'>et</span> <span class='ocrx_word' id='word_1_184' title='bbox 654 2683 852 2768; x_wconf 68' lang='lat' dir='ltr'>reascendi,</span> <span class='ocrx_word' id='word_1_185' title='bbox 884 2684 960 2769; x_wconf 89' lang='lat' dir='ltr'>quid</span> <span class='ocrx_word' id='word_1_186' title='bbox 987 2689 1045 2750; x_wconf 88' lang='lat' dir='ltr'>tua</span> 
     </span>
     <span class='ocr_line' id='line_1_27' title="bbox 87 2769 1044 2856; baseline 0.004 -23"><span class='ocrx_word' id='word_1_187' title='bbox 87 2769 324 2835; x_wconf 87' lang='lat' dir='ltr'>commendatio</span> <span class='ocrx_word' id='word_1_188' title='bbox 356 2769 507 2854; x_wconf 89' lang='lat' dir='ltr'>ponderis</span> <span class='ocrx_word' id='word_1_189' title='bbox 538 2771 685 2854; x_wconf 82' lang='lat' dir='ltr'>haberet3</span> <span class='ocrx_word' id='word_1_190' title='bbox 720 2772 828 2856; x_wconf 88' lang='lat' dir='ltr'>itaque</span> <span class='ocrx_word' id='word_1_191' title='bbox 855 2773 891 2837; x_wconf 90' lang='lat' dir='ltr'>in</span> <span class='ocrx_word' id='word_1_192' title='bbox 920 2773 1044 2837; x_wconf 89' lang='lat' dir='ltr'>intimis</span> 
     </span>
     <span class='ocr_line' id='line_1_28' title="bbox 88 2857 1044 2962; baseline 0.004 -41"><span class='ocrx_word' id='word_1_193' title='bbox 88 2861 137 2922; x_wconf 88' lang='lat' dir='ltr'>est</span> <span class='ocrx_word' id='word_1_194' title='bbox 167 2857 263 2942; x_wconf 90' lang='lat' dir='ltr'>meis,</span> <span class='ocrx_word' id='word_1_195' title='bbox 295 2879 394 2942; x_wconf 76' lang='lat' dir='ltr'>quum</span> <span class='ocrx_word' id='word_1_196' title='bbox 426 2862 523 2923; x_wconf 85' lang='lat' dir='ltr'>antea</span> <span class='ocrx_word' id='word_1_197' title='bbox 553 2863 651 2925; x_wconf 87' lang='lat' dir='ltr'>notus</span> <span class='ocrx_word' id='word_1_198' title='bbox 682 2880 750 2926; x_wconf 89' lang='lat' dir='ltr'>non</span> <span class='ocrx_word' id='word_1_199' title='bbox 780 2859 904 2925; x_wconf 85' lang='lat' dir='ltr'>fuisset.</span> <span class='ocrx_word' id='word_1_200' title='bbox 948 2859 1044 2962; x_wconf 76' lang='lat' dir='ltr'>Nunc</span> 
     </span>
     <span class='ocr_line' id='line_1_29' title="bbox 87 2945 1071 3120; baseline 0.002 -22"><span class='ocrx_word' id='word_1_201' title='bbox 87 2945 662 3120; x_wconf 64' lang='lat' dir='ltr'>ttttudltlt..l³ltl⁰</span> <span class='ocrx_word' id='word_1_202' title='bbox 676 2949 826 3102; x_wconf 51' lang='lat' dir='ltr'>sinidi</span> <span class='ocrx_word' id='word_1_203' title='bbox 849 2947 1071 3120; x_wconf 58' lang='lat' dir='ltr'>luitis?</span> 
     </span>
    </p>
   </div>
   <div class='ocr_carea' id='block_1_7' title="bbox 87 3226 1045 3651">
    <p class='ocr_par' dir='ltr' id='par_1_7' title="bbox 87 3226 1045 3651">
     <span class='ocr_line' id='line_1_30' title="bbox 156 3226 1043 3302; baseline 0.006 -23"><span class='ocrx_word' id='word_1_204' title='bbox 156 3226 209 3296; x_wconf 88' lang='lat' dir='ltr'>Ep.</span> <span class='ocrx_word' id='word_1_205' title='bbox 232 3231 273 3294; x_wconf 74' lang='lat'>15,</span> <span class='ocrx_word' id='word_1_206' title='bbox 293 3233 334 3282; x_wconf 88' lang='lat'>10.</span> <span class='ocrx_word' id='word_1_207' title='bbox 362 3229 499 3295; x_wconf 79' lang='lat' dir='ltr'>iudicare,</span> <span class='ocrx_word' id='word_1_208' title='bbox 516 3245 567 3284; x_wconf 80' lang='lat' dir='ltr'>aaa</span> <span class='ocrx_word' id='word_1_209' title='bbox 584 3231 641 3300; x_wconf 68' lang='grc'><strong>(3.).</strong></span> <span class='ocrx_word' id='word_1_210' title='bbox 669 3230 689 3283; x_wconf 78' lang='lat' dir='ltr'>i.</span> <span class='ocrx_word' id='word_1_211' title='bbox 707 3246 736 3283; x_wconf 80' lang='lat' dir='ltr'>a.</span> <span class='ocrx_word' id='word_1_212' title='bbox 754 3228 849 3300; x_wconf 81' lang='lat' dir='ltr'>vulgo.</span> <span class='ocrx_word' id='word_1_213' title='bbox 885 3228 938 3302; x_wconf 91' lang='lat' dir='ltr'>Ep.</span> <span class='ocrx_word' id='word_1_214' title='bbox 958 3236 999 3298; x_wconf 77' lang='lat'>16,</span> <span class='ocrx_word' id='word_1_215' title='bbox 1020 3235 1043 3284; x_wconf 94' lang='lat'>1.</span> 
     </span>
     <span class='ocr_line' id='line_1_31' title="bbox 88 3297 1043 3369; baseline 0.003 -18"><span class='ocrx_word' id='word_1_216' title='bbox 88 3298 205 3352; x_wconf 65' lang='lat' dir='ltr'>mnae</span> <span class='ocrx_word' id='word_1_217' title='bbox 221 3313 263 3352; x_wconf 82' lang='lat' dir='ltr'>me</span> <span class='ocrx_word' id='word_1_218' title='bbox 276 3297 327 3354; x_wconf 78' lang='lat' dir='ltr'>del.</span> <span class='ocrx_word' id='word_1_219' title='bbox 346 3297 450 3368; x_wconf 81' lang='lat' dir='ltr'>(Em.)?</span> <span class='ocrx_word' id='word_1_220' title='bbox 468 3329 504 3340; x_wconf 90' lang='lat'>—</span> <span class='ocrx_word' id='word_1_221' title='bbox 522 3301 664 3355; x_wconf 80' lang='lat' dir='ltr'>crebritate</span> <span class='ocrx_word' id='word_1_222' title='bbox 683 3299 711 3367; x_wconf 92' lang='lat' dir='ltr'>(l.</span> <span class='ocrx_word' id='word_1_223' title='bbox 725 3299 816 3369; x_wconf 66' lang='lat' dir='ltr'>conj).</span> <span class='ocrx_word' id='word_1_224' title='bbox 836 3301 987 3356; x_wconf 82' lang='lat' dir='ltr'>celebritate</span> <span class='ocrx_word' id='word_1_225' title='bbox 1005 3298 1043 3367; x_wconf 80' lang='lat' dir='ltr'>C,</span> 
     </span>
     <span class='ocr_line' id='line_1_32' title="bbox 87 3366 1044 3441; baseline 0.004 -20"><span class='ocrx_word' id='word_1_226' title='bbox 87 3366 203 3434; x_wconf 83' lang='lat' dir='ltr'>M1,vc.</span> <span class='ocrx_word' id='word_1_227' title='bbox 223 3368 321 3423; x_wconf 70' lang='lat' dir='ltr'>celarit.</span> <span class='ocrx_word' id='word_1_228' title='bbox 340 3368 614 3441; x_wconf 75' lang='lat' dir='ltr'>(Ma,1a1.,vulgo)a</span> <span class='ocrx_word' id='word_1_229' title='bbox 632 3402 667 3412; x_wconf 94' lang='lat'>—</span> <span class='ocrx_word' id='word_1_230' title='bbox 687 3371 789 3426; x_wconf 78' lang='lat' dir='ltr'>Paccio</span> <span class='ocrx_word' id='word_1_231' title='bbox 802 3375 828 3426; x_wconf 82' lang='lat' dir='ltr'>et</span> <span class='ocrx_word' id='word_1_232' title='bbox 839 3387 864 3424; x_wconf 88' lang='lat' dir='ltr'>o.</span> <span class='ocrx_word' id='word_1_233' title='bbox 879 3376 904 3426; x_wconf 82' lang='lat' dir='ltr'>ct</span> <span class='ocrx_word' id='word_1_234' title='bbox 921 3386 951 3426; x_wconf 82' lang='lat' dir='ltr'>re</span> <span class='ocrx_word' id='word_1_235' title='bbox 968 3371 1015 3439; x_wconf 82' lang='lat' dir='ltr'>(W</span> <span class='ocrx_word' id='word_1_236' title='bbox 1017 3373 1044 3439; x_wconf 94' lang='lat'>.).</span> 
     </span>
     <span class='ocr_line' id='line_1_33' title="bbox 89 3437 1045 3563; baseline 0.004 -73"><span class='ocrx_word' id='word_1_237' title='bbox 89 3437 121 3492; x_wconf 90' lang='lat' dir='ltr'>P.</span> <span class='ocrx_word' id='word_1_238' title='bbox 136 3438 326 3563; x_wconf 49' lang='lat' dir='ltr'>[oratioaehlet</span> <span class='ocrx_word' id='word_1_239' title='bbox 338 3456 363 3493; x_wconf 85' lang='lat' dir='ltr'>o.</span> <span class='ocrx_word' id='word_1_240' title='bbox 377 3444 403 3495; x_wconf 82' lang='lat' dir='ltr'>et</span> <span class='ocrx_word' id='word_1_241' title='bbox 415 3456 445 3495; x_wconf 82' lang='lat' dir='ltr'>re</span> <span class='ocrx_word' id='word_1_242' title='bbox 462 3439 518 3509; x_wconf 73' lang='lat' dir='ltr'>Cr,</span> <span class='ocrx_word' id='word_1_243' title='bbox 533 3441 564 3496; x_wconf 88' lang='lat' dir='ltr'>B.</span> <span class='ocrx_word' id='word_1_244' title='bbox 583 3444 662 3511; x_wconf 85' lang='lat' dir='ltr'>(orat.</span> <span class='ocrx_word' id='word_1_245' title='bbox 677 3459 703 3512; x_wconf 81' lang='lat' dir='ltr'>g.</span> <span class='ocrx_word' id='word_1_246' title='bbox 719 3441 810 3511; x_wconf 67' lang='lat' dir='ltr'>coni).</span> <span class='ocrx_word' id='word_1_247' title='bbox 824 3441 923 3510; x_wconf 76' lang='lat' dir='ltr'>pareto</span> <span class='ocrx_word' id='word_1_248' title='bbox 938 3441 1045 3495; x_wconf 77' lang='lat' dir='ltr'>ratione</span> 
     </span>
     <span class='ocr_line' id='line_1_34' title="bbox 87 3507 1045 3581; baseline 0 -18"><span class='ocrx_word' id='word_1_249' title='bbox 87 3513 111 3562; x_wconf 86' lang='lat' dir='ltr'>et</span> <span class='ocrx_word' id='word_1_250' title='bbox 126 3525 152 3564; x_wconf 83' lang='lat' dir='ltr'>o.</span> <span class='ocrx_word' id='word_1_251' title='bbox 171 3514 198 3564; x_wconf 82' lang='lat' dir='ltr'>ct</span> <span class='ocrx_word' id='word_1_252' title='bbox 215 3526 246 3565; x_wconf 86' lang='lat' dir='ltr'>re</span> <span class='ocrx_word' id='word_1_253' title='bbox 297 3511 327 3577; x_wconf 88' lang='lat' dir='ltr'>l.‚</span> <span class='ocrx_word' id='word_1_254' title='bbox 346 3507 425 3578; x_wconf 66' lang='lat' dir='ltr'>Oxx„</span> <span class='ocrx_word' id='word_1_255' title='bbox 466 3511 504 3581; x_wconf 84' lang='lat' dir='ltr'>h.‚</span> <span class='ocrx_word' id='word_1_256' title='bbox 518 3519 565 3567; x_wconf 83' lang='lat' dir='ltr'>al.</span> <span class='ocrx_word' id='word_1_257' title='bbox 586 3513 620 3568; x_wconf 92' lang='lat' dir='ltr'>P.</span> <span class='ocrx_word' id='word_1_258' title='bbox 634 3512 738 3566; x_wconf 81' lang='lat' dir='ltr'>Rornae</span> <span class='ocrx_word' id='word_1_259' title='bbox 754 3516 780 3567; x_wconf 82' lang='lat' dir='ltr'>et</span> <span class='ocrx_word' id='word_1_260' title='bbox 796 3527 821 3566; x_wconf 84' lang='lat' dir='ltr'>o.</span> <span class='ocrx_word' id='word_1_261' title='bbox 836 3515 861 3566; x_wconf 85' lang='lat' dir='ltr'>et</span> <span class='ocrx_word' id='word_1_262' title='bbox 877 3527 908 3568; x_wconf 84' lang='lat' dir='ltr'>re</span> <span class='ocrx_word' id='word_1_263' title='bbox 926 3511 977 3580; x_wconf 74' lang='lat' dir='ltr'>(a,</span> <span class='ocrx_word' id='word_1_264' title='bbox 996 3516 1045 3578; x_wconf 76' lang='lat' dir='ltr'>aa,</span> 
     </span>
     <span class='ocr_line' id='line_1_35' title="bbox 88 3567 472 3651; baseline 0.005 -15"><span class='ocrx_word' id='word_1_265' title='bbox 88 3567 138 3646; x_wconf 76' lang='lat' dir='ltr'>ab</span> <span class='ocrx_word' id='word_1_266' title='bbox 159 3579 194 3636; x_wconf 86' lang='lat' dir='ltr'>P.</span> <span class='ocrx_word' id='word_1_267' title='bbox 213 3584 239 3636; x_wconf 78' lang='lat' dir='ltr'>et</span> <span class='ocrx_word' id='word_1_268' title='bbox 255 3595 285 3636; x_wconf 75' lang='lat' dir='ltr'>re</span> <span class='ocrx_word' id='word_1_269' title='bbox 303 3585 329 3635; x_wconf 75' lang='lat' dir='ltr'>er</span> <span class='ocrx_word' id='word_1_270' title='bbox 345 3597 370 3636; x_wconf 83' lang='lat' dir='ltr'>o.</span> <span class='ocrx_word' id='word_1_271' title='bbox 388 3581 443 3651; x_wconf 85' lang='lat' dir='ltr'>(W.</span> <span class='ocrx_word' id='word_1_272' title='bbox 459 3588 472 3638; x_wconf 78' lang='lat' dir='ltr'>a</span> 
     </span>
    </p>
   </div>
   <div class='ocr_carea' id='block_1_8' title="bbox 0 0 1290 3958">
    <p class='ocr_par' dir='ltr' id='par_1_8' title="bbox 0 0 1290 3958">
     <span class='ocr_line' id='line_1_36' title="bbox 0 0 1290 3958; baseline 0 0"><span class='ocrx_word' id='word_1_273' title='bbox 0 0 1290 3958; x_wconf 95' lang='lat' dir='ltr'> </span> 
     </span>
    </p>
   </div>
  </div>
 </body>
</html>
