2522 3960
249 262 315 326 214
534 253 572 316 M.
592 261 715 318 TULLII
733 259 924 317 CICERONIS

248 410 353 472 certos
380 407 527 472 homines
555 407 595 471 ad
623 407 772 472 mulieres
796 408 958 491 miseram,
987 408 1042 490 qui
1070 405 1204 472 Romam

248 499 407 560 venerunt
428 495 524 559 factis
547 495 759 580 sponsalibus.
792 493 854 560 Sed
877 495 939 560 hoc
962 517 1057 579 spero
1080 495 1205 575 rnelius;

248 584 398 648 mulieres
427 583 555 669 quidem
582 583 675 648 valde
702 583 751 646 int
737 583 848 668 telligo
876 584 1029 648 delectari
1053 583 1202 667 obsequio

249 675 282 736 et
305 672 455 738 comitae
479 672 705 737 adolescenrs.
743 692 777 736 oe
779 675 848 736 tera
872 671 943 736 noli
971 669 1203 749 ἐξακανθίζειν.

222 757 312 825 asad
343 760 424 825 heus
451 763 501 842 tu,
532 755 734 845 πυροὺςς
688 761 734 834 εἰς
767 761 949 844 ὄῆμονῑ
903 759 1067 824 Athenis?
1097 762 1203 862 placet

236 849 311 914 hoc
333 848 471 914 abiret
439 848 500 912 etsi
522 869 590 912 non
612 849 831 948 impediebant
844 869 906 912 mer
899 849 1006 912 certe
1030 847 1202 932 libr13n0n

249 937 335 1002 enirn
366 937 430 1001 ista
460 937 568 1022 largit'
560 957 591 1000 ιο
545 937 686 1000 tfuit
672 937 751 1000 tin
783 935 880 1018 cives,
912 936 1010 1000 sed
998 958 1035 1000 m
1063 937 1202 1022 hospites

247 1025 386 1090 liberalit
374 1033 433 1090 t.as
467 1023 520 1088 Me
534 1027 644 1126 tamen
667 1024 705 1089 de
719 1023 911 1090 Academiae
934 1019 1094 1112 προπύλῳ
1117 1024 1202 1088 iubes

247 1115 400 1200 cogitare,
423 1135 522 1198 quum
543 1113 609 1177 iam
622 1111 748 1197 Appius
763 1112 801 1176 de
815 1111 968 1180 Eleusine
982 1134 1050 1178 non
1065 1111 1202 1198 cogitet?

247 1201 296 1267 De
328 1200 503 1267 Hortensio
535 1204 567 1265 ts
600 1204 687 1266 certo
720 1201 785 1266 scio
818 1201 938 1284 dolere3
976 1201 1124 1285 equidem
1155 1222 1201 1265 ex-

134 1299 136 1304 '
249 1289 385 1374 crucior,
416 1289 579 1354 decreram
606 1289 692 1353 enim
719 1310 792 1352 curn
819 1311 856 1354 eo
884 1289 977 1353 valde
1004 1289 1202 1354 familiariter

221 1377 362 1442 svivere.
397 1375 467 1442 Nos
490 1377 674 1461 provinciae
696 1377 908 1462 praefecimus
930 1375 1084 1443 Caelium.
1128 1377 1201 1461 „Pu-

249 1463 370 1549 erum,“
390 1465 527 1549 inquieS,
549 1469 601 1547 „et
621 1465 758 1530 fortasse
780 1465 906 1530 fatuum
929 1469 963 1529 et
984 1487 1053 1530 non
1076 1487 1201 1551 gravem

248 1556 281 1618 et
302 1575 369 1619 non
393 1553 643 1618 continentem.“
688 1553 870 1618 Assentior:
906 1553 976 1618 fieri
1004 1575 1074 1619 non
1100 1554 1202 1638 potuit

247 1641 349 1705 aliter.
393 1638 493 1726 Nam,
522 1662 602 1725 quas
625 1643 727 1707 multo
751 1645 826 1706 ante
848 1646 921 1705 tuas
946 1663 1131 1726 acceperam
1153 1641 1200 1704 lit·

246 1733 349 1812 teras,
381 1729 417 1793 in
444 1729 560 1814 quibus
588 1728 716 1812 ἐπέχειν
741 1734 774 1795 te
804 1731 989 1813 scripseram,
1023 1730 1100 1814 quid
1123 1732 1200 1794 esset

247 1817 328 1881 mihi
349 1817 532 1882 faciendum
555 1817 836 1902 derelinquendo,
859 1839 914 1882 eae
929 1840 980 1882 me
1002 1819 1200 1904 pungebant,

247 1905 395 1970 videbam
418 1907 518 1992 enim,
550 1927 630 1989 quae
653 1905 843 1971 tibi-essent
866 1905 985 1988 ἐποχῆς
1012 1927 1141 1988 causae,
1172 1910 1200 1968 et

247 1997 341 2059 erant
362 1993 492 2059 eaedem
518 1995 611 2058 mihi:
638 2016 737 2078 puero
759 1995 941 2058 traderem?
972 1994 1068 2059 fratri
1089 1999 1198 2074 autam,

228 2083 327 2148 illud
349 2105 416 2149 non
439 2083 518 2148 utile
539 2083 634 2149 nobis
647 2119 692 2129 -
705 2104 781 2146 nam
803 2085 931 2166 praetm
952 2083 1088 2147 fratrem
1111 2103 1198 2147 nemo

248 2175 329 2254 erat,
352 2193 447 2256 quem
471 2171 540 2236 sine
563 2171 758 2238 contumelia
780 2171 956 2254 quaestori,
988 2170 1094 2236 nobili
1115 2191 1198 2255 prae-

248 2260 367 2344 sertim,
381 2259 574 2326 anteferrem
587 2282 647 2342 -3
670 2263 789 2341 tamen,
804 2258 879 2323 dum
893 2259 1079 2343 impendere
1092 2258 1198 2324 Parthi

123 2411 124 2416 ,
246 2347 447 2432 ridebantur,
470 2351 646 2414 statueram
668 2348 801 2412 fratrem
823 2347 1003 2432 relinquere
1026 2352 1085 2412 aut
1108 2347 1198 2412 etiam

247 2435 293 2498 rei
324 2434 470 2518 publicae
498 2457 595 2503 causa
621 2439 734 2502 contra
762 2439 892 2499 senatus
924 2436 1110 2501 consultum
1136 2436 1198 2519 ipse

246 2542 425 2608 remanere,
451 2523 506 2607 qui
528 2529 740 2609 posteaquam
761 2522 942 2587 incredibili
963 2523 1120 2588 felicitate
1143 2524 1197 2588 dis·

248 2613 421 2694 cesserunt,
442 2610 570 2676 sublata
588 2611 746 2677 dubitatio
768 2615 825 2676 est.
852 2610 1013 2676 Videbam
1027 2632 1197 2677 sermones:

247 2696 341 2782 „Hui
362 2696 496 2768 fratrem
509 2699 650 2784 reliquit!
673 2699 761 2764 Num
775 2704 825 2764 est
837 2698 900 2764 hoc
913 2721 981 2764 non
994 2700 1069 2783 plus
1083 2721 1198 2766 annum

248 2785 393 2852 obtinere
415 2787 636 2889 provinciam?
659 2788 744 2888 quid,
768 2786 853 2872 quod
868 2790 999 2852 senatus
1024 2809 1080 2854 eos
1103 2787 1198 2853 voluit

247 2894 394 3026 praeesse
422 2875 608 2994 provinciis,
640 2877 696 2960 qui
721 2897 789 2940 non
816 2875 1054 2959 praefuissent?
1091 2875 1197 2941 athir

219 2961 441 3027 triennium!
441 2961 573 3048 ‘Ergo
600 2963 680 3028 haec
712 2964 752 3027 ad
783 2964 947 3048 populum.
993 2962 1092 3066 Quid,
1124 2983 1197 3048 quae

247 3049 375 3115 tecum?
397 3047 583 3134 Numquam
605 3073 708 3114 essem
727 3051 795 3114 sine
819 3072 904 3135 cura,
927 3051 956 3114 si
979 3051 1089 3135 quid'
1079 3073 1197 3116 iracun-

247 3139 318 3203 dius
342 3141 401 3202 aut
421 3139 683 3203 contumeliosius
706 3141 763 3203 aut
784 3139 1012 3224 negligentius,
1036 3162 1119 3224 quae
1141 3139 1198 3203 fert

247 3226 314 3291 vita
342 3226 520 3291 hominum.
565 3225 663 3309 Quid,
695 3226 822 3311 siquid
848 3227 934 3291 filius
961 3249 1044 3311 puer
1067 3233 1101 3292 et
1125 3247 1197 3314 puer

317 3381 369 3452 Ep.
384 3388 410 3449 6,
428 3388 453 3436 3.
471 3381 626 3438 aaaron?
644 3382 692 3453 (Z,
707 3388 753 3450 aa,
769 3399 834 3438 aa
849 3381 897 3453 Ο..)
916 3383 1045 3439 tradere?
1064 3381 1195 3451 Malos.

246 3449 291 3503 An
309 3451 416 3506 tradere
433 3451 450 3486 *
463 3453 480 3486 *
479 3453 601 3520 ,fratri
619 3456 652 3508 ut
669 3425 804 3508 eircidbrit
824 3453 870 3520 fas
887 3469 944 3508 noa
962 3460 1022 3509 erat
1041 3457 1087 3510 vel
1102 3469 1197 3525 parum

247 3521 420 3575 conveniebat
432 3521 479 3576 vel
497 3522 588 3576 simile
607 3523 713 3592 aliquid
732 3515 817 3592 (W'.)t
