2582 3980
279 234 538 290 EPISTOLARUM
555 236 605 290 An
622 235 776 290 BRUTUM
794 237 828 290 Il.
847 241 871 290 5.
989 234 1054 298 653

95 377 211 462 lilium,
243 382 365 463 quanto
395 399 501 444 meum
524 380 559 443 in
582 380 724 463 periculo
746 379 892 444 futurum
915 379 1055 464 duceret,

95 467 125 530 si
148 470 261 531 contra
287 469 512 550 proconsulem
536 489 624 531 arma
646 467 812 550 tulissent,
842 467 929 532 nosti
951 467 1055 532 homi·

94 575 186 618 nem:
228 577 342 620 causae
383 577 450 620 non
492 556 602 620 defuit.
655 555 815 620 Dixerunt
850 556 946 620 etiam
986 555 1054 638 alii3

95 641 206 706 Labeo
238 665 314 708 vero
346 647 457 708 noster
487 665 547 708 nec
576 644 705 728 signum
736 647 829 709 tuum
855 643 891 707 in
918 643 1054 727 epistola

94 751 157 794 nec
180 731 264 795 diem
288 732 471 815 appositum
498 753 558 796 nec
584 735 617 796 te
645 732 810 815 scripsisse
837 731 877 795 ad
900 735 986 814 tuos,
1018 737 1055 796 ut

96 819 230 884 soleres:
261 820 323 884 hoc
346 840 460 906 cogere
482 821 625 903 volebat,
652 819 899 890 falsaslitteras
921 839 991 883 esse
1014 824 1055 902 et,

96 907 126 971 si
158 908 298 991 quaeris,
328 909 497 992 probabat.
546 907 642 972 Nunc
671 912 764 972 tuum
795 911 846 972 est
876 907 1081 991 consilium,⁵

96 994 215 1079 Brute,
244 996 283 1060 de
310 1000 382 1062 toto
405 1017 522 1081 genere
544 995 630 1062 belli.
665 995 769 1062 Video
791 999 824 1060 a
847 996 981 1060 lenitate
1003 995 1055 1060 de·

96 1084 210 1147 leotari
233 1087 267 1148 et
288 1104 361 1148 eum
384 1089 497 1168 putare
519 1085 660 1149 fructum
674 1107 744 1150 ease
761 1085 943 1167 maximum,
965 1105 1055 1168 prae·

98 1173 183 1236 clare
207 1172 344 1255 quidem,
367 1173 424 1236 sed
446 1173 518 1237 aliis
531 1172 637 1256 rebus,
660 1173 730 1238 aliis
744 1173 943 1256 temporibus
965 1173 1056 1237 locus

98 1281 169 1323 esse
192 1261 275 1325 solet
297 1261 455 1345 debetque
484 1262 685 1326 clementiae:
722 1283 809 1326 nunc
836 1261 912 1345 quid
940 1260 1056 1346 agitur,

98 1347 222 1412 Brute?
257 1349 387 1434 templis
414 1350 547 1415 deorum
573 1349 803 1414 immortalium
830 1348 976 1413 imminet
997 1348 1056 1413 ho·

99 1437 223 1500 minum
246 1439 410 1522 egentium
433 1441 466 1503 et
488 1437 685 1522 perditorum
704 1459 776 1522 spes
799 1459 858 1502 nec
881 1436 1056 1522 quidquam

99 1525 187 1589 aliud
211 1525 392 1590 decernitur
413 1526 475 1592 hoo
499 1527 593 1611 bello,
615 1527 678 1591 nisi
693 1531 802 1591 utrum
824 1525 923 1590 simus
946 1543 1056 1589 necne.

99 1610 160 1678 Oui
182 1614 342 1697 parcimus
357 1618 414 1679 aut
428 1615 504 1699 quid
523 1613 671 1700 agimus?
692 1615 743 1678 his
758 1635 835 1700 ergo
849 1613 1057 1697 consulimus,

99 1701 215 1784 quibus
238 1702 413 1767 victoribus
440 1704 613 1788 vestigium
639 1707 786 1768 nostrum
813 1703 938 1766 nullum
960 1701 1056 1766 relin·

99 1789 239 1873 quetur‘?
276 1813 353 1854 nam
385 1791 462 1875 quid
499 1792 635 1856 interest
669 1793 754 1856 inter
785 1791 988 1856 Dolabellam
1024 1793 1057 1854 ct

99 1879 244 1962 quemvis
271 1877 489 1945 Antoniorum
519 1880 640 1944 trium?
676 1901 813 1963 quorum
843 1880 870 1942 si
901 1879 953 1942 oui
984 1899 1055 1961 par·

99 1967 215 2050 cimus,
238 1966 309 2030 duri
331 1969 452 2032 fuimus
474 1967 510 2030 in
532 1967 709 2032 Dolabella.
746 1965 834 2030 Haec
857 1969 895 2030 ut
916 1966 962 2030 ita
985 1984 1055 2029 sen-

98 2055 177 2118 tiret
208 2058 339 2117 senatus
370 2054 571 2138 populusque
600 2053 780 2138 Romanus,
811 2054 872 2118 etsi
902 2075 953 2118 ree
985 2053 1057 2136 ipsa

99 2140 250 2225 cogebat,
282 2145 391 2206 tamen
423 2143 562 2206 maxima
591 2163 631 2206 ex
657 2145 748 2226 parte
777 2147 890 2205 nostro
918 2140 1056 2206 consilio

100 2237 197 2312 atque
220 2229 411 2294 auctoritate
434 2230 612 2315 perfectum
635 2235 692 2294 est.
732 2229 781 2294 'Pu
804 2231 831 2293 si
854 2230 938 2294 hanc
960 2229 1057 2293 ratio·

99 2338 176 2381 nem
198 2339 265 2383 non
287 2317 419 2402 probas,
446 2323 536 2383 tuam
559 2317 753 2383 sententiam
775 2317 959 2400 defendam,
989 2337 1056 2380 non

99 2406 279 2489 relinquam
303 2427 421 2471 meam:
444 2429 548 2490 neque
567 2407 758 2472 dissolutum
782 2429 801 2470 a
823 2409 856 2470 te
883 2406 1057 2490 quidquam

99 2493 248 2559 homines
270 2499 458 2579 exspectant
479 2516 540 2559 nec
563 2495 705 2579 crudele3
726 2495 822 2559 huius
844 2495 892 2558 rei
913 2493 1056 2558 modera-

99 2581 147 2646 tio
170 2583 274 2647 facilis
297 2588 355 2666 est,
378 2588 415 2648 ut
436 2583 472 2648 in
492 2585 588 2648 duces
611 2584 785 2648 vehemens
807 2583 860 2666 sis,
880 2583 916 2646 in
939 2583 1056 2646 milites

100 2670 252 2736 liberalis.
296 2669 484 2736 Ciceronem
506 2694 622 2757 meum,
644 2673 689 2736 mi
711 2671 821 2755 Brute,
842 2672 937 2736 uelim
960 2687 1084 2754 quamn

99 2755 275 2842 plurimum
301 2764 408 2824 tecum
434 2762 567 2826 habeas:
603 2760 732 2825 virtutis
759 2760 960 2844 disciplinam
992 2779 1057 2822 me·

99 2847 212 2911 liorem
235 2850 373 2932 reperiet
393 2849 517 2914 nullam
532 2871 628 2933 quam
641 2849 946 2933 contemplationem
960 2849 1056 2930 atqm

99 2935 314 3002 imitationem
335 2939 392 3002 tui.
428 2955 499 3002 xm.
521 2937 656 3012 Kalend.
678 2937 792 3004 Maias.

171 3091 222 3162 Ep.
241 3098 258 3147 t
277 3094 325 3162 (7),
343 3099 368 3148 5.
396 3095 432 3148 iis
451 3111 513 3166 erpo
531 3095 633 3150 consul.
653 3094 738 3162 (W.)?

473 3379 683 3392 om

1283 2821 1285 2896 l
