2594 3976
235 275 494 332 urrsromaurr
511 277 561 332 so
579 275 746 333 Arrrourr
763 277 823 332 xv.
844 283 885 332 ιε.
906 282 947 332 14.
1004 251 1068 342 561

109 441 182 486 esse
209 421 380 506 perlatam:
416 420 487 506 hui,
523 442 620 506 quam
646 422 759 506 timeo,
791 421 867 506 quid
895 410 1069 486 existimes!

109 509 172 574 etsi
196 509 273 593 quid
295 509 331 574 id
351 509 392 573 ad
415 509 488 574 rne‘?
520 531 601 594 quae
629 531 696 575 non
727 511 769 574 sit
790 510 879 575 foras
902 510 1071 594 proditura

108 597 174 662 nisi
206 619 240 662 re
272 597 401 682 publica
432 601 633 686 recuperata,
665 599 704 664 de
736 618 799 682 quo
828 598 904 682 quid
936 619 1072 684 sperem,

108 705 179 751 uon
202 686 304 751 audeo
328 685 475 751 scribere.

547 879 635 947 XIV.

110 1001 170 1057 Sor.
189 1001 219 1056 in
238 999 397 1056 Tusculano
417 1017 441 1056 a.
461 1001 487 1058 d.
506 1002 541 1057 V.
559 1001 700 1058 Kalendas
719 1001 873 1068 Quinctiles
891 1016 916 1056 a.
931 1018 957 1056 a
972 1017 995 1056 c.
1011 1005 1070 1055 ⁷0⁷.

387 1105 535 1162 OIOERO
553 1105 703 1163 ATTICO
721 1105 805 1162 SAL.

179 1231 224 1280 vr.
248 1214 382 1280 Kalend.
406 1216 515 1301 accepi
537 1237 557 1280 a
578 1215 748 1298 Dolabella
770 1215 908 1300 litteras,
935 1234 1098 1300 quarumr

112 1304 295 1388 exemplum
318 1303 379 1369 tibi
401 1303 484 1390 misi,
505 1304 541 1368 in
555 1304 670 1389 quibus
687 1307 757 1369 erat
770 1304 879 1370 omnia
893 1325 926 1368 se
948 1303 1072 1385 fecisse,

111 1413 196 1477 quae
219 1395 255 1456 tu
277 1393 388 1457 velles:
420 1393 531 1458 statim
555 1394 585 1458 ei
607 1393 756 1477 rescripsi
778 1395 811 1457 et
833 1392 943 1457 multis
965 1391 1072 1456 verbis

110 1481 236 1566 gratias
268 1481 333 1566 egi3
374 1481 430 1546 sed
459 1485 582 1558 tamen,
618 1503 658 1546 na
685 1481 869 1564 miraretur,
900 1502 957 1546 cur
987 1480 1073 1544 idem

111 1569 231 1634 iterum
253 1568 401 1653 facerem,
423 1569 486 1634 hoc
509 1591 623 1635 causae
647 1572 779 1654 sumpsi,
802 1569 888 1654 quod
902 1572 986 1634 exte
999 1569 1071 1653 ipso

111 1679 224 1723 coram
246 1661 342 1722 antea
364 1657 446 1722 nihil
469 1659 646 1741 potuissem
669 1679 871 1743 cognoscere.
910 1655 1072 1742 seuquid
1096 1709 1103 1722 .

111 1745 238 1810 multa?
260 1745 384 1812 litteras
407 1745 469 1812 hoc
492 1747 638 1832 exemplo
661 1746 746 1812 dedi:

296 1865 445 1936 „CICERO
464 1867 703 1924 DOLABELLAE
722 1864 796 1924 008.
815 1867 894 1924 SUO.

112 1962 223 2040 Antea
249 1996 349 2060 quum
375 1976 492 2042 litteris
519 1975 622 2043 Attici
652 1977 757 2041 nostri
787 1975 827 2039 do
858 1979 916 2039 tua
947 1995 1100 2044 summas

112 2064 307 2129 liberalitate
321 2085 510 2148 summoque
525 2085 602 2150 erga
617 2085 651 2129 se
666 2063 822 2130 beneficio
837 2064 953 2129 certior
965 2062 1071 2127 factus

112 2173 227 2237 essem,
250 2173 412 2237 quumque
434 2155 471 2217 tu
493 2152 562 2238 ipse
576 2151 674 2217 etiam
697 2151 739 2216 ad
760 2173 812 2216 me
835 2151 1017 2236 scripsisses
1039 2153 1072 2216 ta

112 2241 229 2306 fecisse
251 2262 303 2326 ea,
335 2263 416 2326 quae
439 2262 500 2306 nos
526 2241 752 2325 voluissemus,
783 2239 837 2326 egi
862 2240 923 2304 tibi
951 2239 1073 2325 gratias

113 2351 173 2415 per
194 2329 319 2395 litteras
341 2329 381 2396 iis
403 2329 524 2415 verbis,
553 2333 591 2395 ut
612 2328 810 2414 intelligeres
832 2329 915 2394 nihil
937 2332 969 2394 te
992 2327 1073 2393 mihi

113 2418 239 2505 gratius
261 2418 367 2484 facere
389 2419 547 2504 potuisse3
569 2422 683 2502 postea
697 2439 772 2484 vero
787 2438 885 2502 quam
904 2417 974 2502 ipse
987 2416 1072 2481 Atti-

113 2528 172 2572 cus
200 2507 241 2571 ad
267 2529 319 2571 me
346 2507 435 2572 venit
461 2508 496 2571 in
523 2505 742 2572 Tusculanum
770 2505 866 2584 huius
898 2506 994 2571 unius
1025 2505 1074 2570 rei

113 2617 222 2680 causa,
243 2595 304 2660 tibi
327 2600 363 2661 ut
376 2595 462 2680 apud
475 2617 526 2660 me
541 2596 663 2681 gratias
677 2597 797 2680 ageret,
820 2595 910 2660 cuius
924 2593 1073 2660 eximiam

113 2684 279 2769 quandam
301 2688 334 2749 et
356 2683 577 2749 admirabilem
598 2685 634 2748 in
656 2705 754 2749 causa
766 2682 939 2750 Buthrotia
961 2685 1073 2749 volun·

113 2777 217 2838 tatem
239 2775 272 2838 et
294 2773 492 2858 singularem
518 2793 595 2858 erga
622 2794 656 2837 sc
679 2794 821 2838 amorem
850 2773 1085 2858 perspexisset,

113 2861 219 2926 teneri
240 2883 309 2926 non
331 2861 436 2946 potui,
465 2861 544 2946 quin
565 2861 627 2925 tibi
649 2863 791 2946 apertius
813 2861 892 2926 illud
915 2861 1001 2924 idem
1022 2860 1073 2924 his

114 2950 232 3016 litteris
255 2949 459 3035 declararem,
482 2971 522 3014 ex
544 2949 693 3016 omnibus
717 2950 812 3034 enim,
835 2950 880 3012 mi
895 2948 1073 3033 Dolabella,

114 3038 230 3104 studiis
256 3038 292 3102 in
319 3059 370 3104 me
398 3042 431 3104 et
458 3039 587 3124 officiis,
619 3060 701 3124 quae
734 3059 860 3104 summa
891 3041 980 3122 sunt,
1010 3038 1073 3103 hoc

114 3129 199 3193 scito
229 3127 309 3192 mihi
337 3131 370 3193 et
397 3127 630 3212 amplissimum
656 3128 757 3192 rideri
789 3129 822 3190 et
853 3126 1074 3212 gratissimum

116 3237 197 3300 esse,
220 3216 307 3300 quod
330 3215 514 3301 perfeceris,
537 3221 575 3282 ut
596 3215 724 3281 Atticus
746 3215 950 3302 intelligeret,
973 3226 1072 3300 q'uan-

116 3309 185 3370 tum
215 3325 275 3390 ego
303 3308 350 3390 te,
381 3309 539 3389 quantum
565 3308 602 3370 tu
628 3327 680 3370 me
708 3325 840 3369 amares.
886 3303 978 3380 Quod
1000 3305 1099 3369 reli-s

114 3417 214 3479 quum
227 3397 286 3478 cst,
308 3393 516 3459 Buthrotiam
533 3397 709 3459 etecusam
723 3396 756 3458 et
769 3393 940 3477 civitatem,
963 3415 1072 3478 quam-

185 3551 235 3622 L’p.
258 3557 302 3620 13,
323 3557 346 3607 7,
379 3534 447 3621 quid
464 3551 551 3608 idad
575 3551 651 3621 (W).
683 3569 708 3622 q.
727 3553 765 3606 ad
782 3551 876 3622 vulgo.
913 3544 1070 3619 Ερ.14,2’.

113 3621 226 3678 Excidit
239 3623 295 3677 tais
308 3625 359 3676 aut
376 3624 441 3693 post
454 3639 488 3678 ec
501 3623 626 3678 omnibus
640 3623 712 3678 caim
726 3624 776 3678 aut
793 3624 859 3693 post
876 3621 977 3689 officiis
995 3621 1071 3690 (W.).

167 3711 282 3752 Ciceroni·
295 3712 359 3760 epist.
375 3712 407 3754 11.
778 3740 781 3745 -
876 3715 910 3765 36
