2510 3958
255 207 322 272 304
540 205 578 262 Π.
598 203 721 261 TULLII
738 204 929 262 CICERONIS

707 420 767 487 III.

335 543 392 599 Sor.
411 543 531 599 Formiis
549 559 574 597 a.
593 542 620 596 d.
639 542 700 596 VH.
718 542 785 597 Idus
803 542 920 598 Martias
938 559 964 598 a.
983 561 1009 598 n.
1030 557 1054 599 c.
1073 547 1133 600 705.

524 645 673 704 CICERO
690 647 841 704 ATTICO
859 647 942 704 SAL.

228 775 241 819 r
321 757 457 823 Domitii
478 757 566 822 filius
583 757 715 822 transiit
731 756 879 823 Formias
897 775 967 822 vm.
985 756 1063 823 Idus
1081 779 1202 824 currens

254 847 297 912 ad
319 851 455 912 matrem
467 843 639 931 Neapolim
653 845 796 930 mihique
809 846 955 910 nuntiari
970 845 1067 912 iussit
1086 851 1202 932 patrem

254 935 296 1000 ad
319 935 432 1000 urbem
454 955 534 1018 esse,
556 955 656 1018 quum
677 956 717 999 ex
739 955 778 999 eo
800 935 924 1000 curiose
947 935 1127 1019 quaesisset
1148 957 1201 1000 ser-

254 1045 314 1090 rus
336 1027 449 1089 noster
469 1022 658 1107 Dionysius3
689 1043 750 1088 nos
777 1026 885 1087 autem
914 1021 1117 1089 audieramus
1139 1045 1201 1089 eum

277 1111 435 1177 rofectum
466 1111 534 1176 sive
565 1110 606 1175 ad
635 1109 825 1195 Pompeium
856 1111 922 1176 sive
949 1111 984 1176 in
1011 1111 1202 1198 Hispaniam.

253 1135 293 1265 ld
308 1199 486 1265 cuiusmodi
500 1199 551 1283 sit,
565 1198 646 1264 scire
660 1220 738 1264 saue
751 1198 848 1264 velim
862 1235 904 1246 -
919 1221 996 1264 nam
1011 1201 1052 1265 ad
1066 1201 1110 1286 id,
1126 1200 1202 1286 quod

121 1359 124 1364 ,
254 1287 409 1371 delibero,
439 1288 594 1373 pertinet,
626 1287 654 1351 si
680 1287 735 1352 ille
763 1291 849 1352 certe
874 1309 1037 1372 nusquam
1059 1289 1202 1370 discessit,

253 1376 435 1461 intelligere
455 1373 602 1441 Gnaeum
622 1396 692 1441 non
714 1397 783 1440 esse
805 1375 916 1441 faciles
939 1377 1034 1442 nobis
1057 1399 1098 1443 ex
1118 1378 1202 1442 Italia

253 1465 371 1549 exitus,
402 1486 502 1549 quum
523 1485 563 1529 ea
583 1467 656 1529 tota
677 1465 775 1529 armis
803 1464 1034 1550 praesidiisque
1057 1469 1201 1546 teneatur,

252 1553 359 1618 hieme
381 1553 583 1637 praesertim
605 1573 693 1633 nam,
714 1553 743 1617 si
764 1553 963 1618 commodius
985 1555 1065 1620 anni
1087 1560 1201 1639 tempus

254 1645 348 1725 esset,
370 1641 421 1706 vel
443 1641 548 1706 infero
571 1641 653 1706 mari
675 1640 787 1706 liceret
807 1641 869 1725 uti,
892 1663 979 1707 nunc
1001 1643 1085 1708 nihil
1105 1647 1201 1728 potest

253 1729 318 1794 nisi
344 1751 461 1814 supero
492 1729 643 1813 tramitti,
674 1750 739 1812 quo
765 1730 827 1793 iter
852 1729 1062 1796 interclusum
1090 1738 1138 1797 est
1158 1767 1201 1812 -,
1235 1761 1236 1794 l

227 1835 390 1901 squaeres
421 1817 521 1904 igitur
552 1821 587 1882 et
617 1817 657 1882 de
682 1816 828 1882 Domitio
859 1821 893 1883 et
923 1819 963 1883 de
989 1818 1137 1886 Lentulo.
1176 1819 1200 1883 l

254 1903 427 1972 Brundisio
458 1907 548 1970 nulla
579 1905 684 1972 adhuc
710 1906 799 1971 fama
825 1911 971 1991 venerat,
1003 1912 1036 1973 ct
1062 1914 1131 1974 erat
1157 1908 1200 1972 hic

254 1994 322 2060 dies
354 2013 411 2060 vn.
442 1994 533 2078 Idus,
568 2015 633 2078 quo
665 1993 716 2059 die
749 1995 992 2079 suspicabamur
1022 2001 1080 2064 aut
1110 1995 1200 2082 pridie

254 2082 464 2149 Brundisium
504 2083 630 2148 venisse
665 2080 850 2166 Caesarem
891 2104 969 2148 nam
1003 2083 1076 2150 Kal
1113 2085 1199 2169 Arpis
1234 2085 1235 2100 *

253 2176 425 2238 manserat.
474 2170 550 2255 Sed,
583 2171 611 2236 si
637 2168 828 2236 Postumum
859 2172 969 2237 audire
1000 2175 1111 2258 velles,
1140 2194 1199 2258 per·

255 2266 421 2326 secuturus
444 2264 514 2325 erat
527 2257 681 2343 Gnaeum,
702 2260 858 2325 transisse
881 2261 967 2325 enim
989 2261 1054 2326 iam
1075 2262 1199 2346 putabat

254 2349 439 2414 coniectura
460 2351 690 2434 tempestatum
704 2368 742 2412 ac
756 2348 893 2414 dierumz
915 2369 976 2434 ego
999 2355 1114 2416 nautas
1136 2370 1198 2415 curu

253 2457 322 2502 non
337 2437 493 2521 putabam
510 2436 706 2518 habimrum,
723 2436 778 2501 ille
792 2436 982 2521 confidebat,
998 2441 1032 2502 et
1044 2460 1083 2504 eo
1096 2439 1197 2524 magis,
1233 2439 1234 2452 *

254 2524 341 2608 quod
372 2525 482 2590 audita
512 2525 717 2590 naviculariis
744 2524 885 2590 hominis
912 2525 1089 2594 liberalitas
1116 2531 1197 2592 esset.

254 2609 332 2696 Sed,
354 2616 424 2678 tota
445 2635 497 2679 res
519 2611 717 2678 Brundisina
739 2613 900 2696 quomodo
926 2614 1048 2680 habeat
1070 2635 1116 2700 se,
1141 2615 1196 2678 diu·

253 2701 319 2768 tius
341 2702 463 2766 nescire
485 2723 553 2768 non
574 2721 717 2786 possum.

703 2893 761 2960 IV.

200 3021 205 3032 “
341 3016 399 3073 Sor.
418 3017 537 3073 Formiis
556 3033 581 3071 a.
600 3015 628 3073 d.
646 3015 693 3071 VI.
712 3016 778 3071 Idus
796 3016 914 3072 Martias
932 3033 957 3072 a.
976 3033 1003 3071 u.
1023 3035 1047 3072 c.
1067 3023 1123 3073 705.

456 3139 459 3144 ·
524 3118 672 3178 010an
689 3121 841 3176 ATTICO
858 3121 942 3177 SAL.

1231 3143 1232 3174 l

227 3249 239 3290 ι
319 3230 393 3317 Ego
416 3232 478 3296 etsi
499 3230 623 3296 tamdiu
644 3229 824 3315 requiesco,
851 3230 1003 3315 quamdiu
1031 3235 1088 3297 aut
1113 3231 1193 3296 adte

234 3320 358 3386 ¹scribo
385 3323 443 3384 aut
469 3323 543 3384 tuas
569 3319 694 3382 litteras
720 3319 808 3404 lego,
838 3321 950 3386 tamen
974 3323 1009 3384 et
1035 3318 1103 3405 ips'e
1129 3336 1193 3404 egeo

252 3473 375 3612 miggi'
394 3479 424 3542 8,
444 3480 468 3528 1.
499 3489 583 3544 wem
600 3491 634 3530 ea
651 3489 681 3529 eo
699 3475 761 3544 (vc,
778 3475 838 3544 lie,
861 3475 902 3544 1,),
934 3493 959 3546 ς,
977 3476 1011 3531 ,10
1027 3491 1058 3532 ω
1075 3475 1146 3544 (Ml,
1160 3471 1192 3537 R,
