2594 3976
205 229 464 288 EPISTOLARUM
482 232 531 287 AD
550 232 714 289 ATTIGUM
732 234 806 289 XIII.
827 239 940 288 25—27.
984 231 1052 297 485

508 428 645 496 XXVII.

225 547 283 604 Ser.
302 549 332 604 iu
350 549 509 606 Tusculano
527 567 622 606 manse
640 549 715 606 Maio
734 567 758 605 a.
778 567 804 606 u
823 567 847 606 e.
867 555 926 606 709.

369 655 517 712 CICERO
534 655 685 712 ATTICO
703 655 787 712 SAL.

160 762 211 828 De
244 764 381 848 epistola
411 765 452 829 ad
484 745 667 851 Gaesarem,
696 765 792 832 nobis
823 785 899 830 vero
927 785 1078 850 semperr

91 852 272 916 rectissime
293 853 425 937 placuit,
447 857 484 918 ut
505 855 560 920 isti
576 858 652 920 ante
674 855 828 940 legerent,
850 853 945 919 aliter
966 852 1054 918 enirn

90 941 269 1006 fuissemus
292 945 325 1006 et
346 942 381 1006 in
403 942 464 1007 hos
490 943 665 1010 inofficiosi
691 947 724 1008 et
744 944 780 1008 in
806 945 934 1012 nosmet
956 942 1054 1024 ipsos,

92 1030 122 1094 si
134 1030 230 1094 illum
244 1029 396 1095 offensuri
409 1030 539 1116 fuimns,
552 1052 653 1116 paene
667 1031 856 1116 periculosi3
876 1030 932 1095 isti
945 1033 1055 1094 autem

91 1120 246 1204 ingenue,
268 1118 411 1203 mihique
425 1123 562 1204 gratum,
586 1120 681 1206 quod,
703 1120 781 1205 quid
798 1119 964 1202 sentirent,
985 1137 1054 1182 non

91 1207 308 1291 reticuerunt,
338 1208 418 1273 illud
441 1230 516 1274 vero
538 1211 590 1274 vel
613 1210 747 1294 optime,
775 1207 860 1292 quod
882 1208 930 1272 ita
951 1206 1055 1270 multa

92 1297 216 1362 mutari
239 1297 369 1381 volunt,
400 1301 437 1362 ut
458 1297 538 1362 mihi
561 1298 600 1362 de
622 1298 750 1384 integro
775 1295 935 1362 scribendi
957 1315 1055 1360 eausa

93 1407 165 1450 non
189 1385 245 1468 sit3
267 1407 461 1470 quamquam
475 1387 514 1450 de
527 1385 678 1452 Parthico
701 1387 792 1451 hello·
810 1385 886 1470 quid
910 1385 1054 1467 spectare

94 1474 204 1558 debui,
225 1474 289 1539 nisi
312 1475 398 1559 quod
420 1475 512 1540 illum
535 1476 616 1540 velle
634 1475 837 1542 arbitrabar?
859 1472 945 1557 quod
969 1471 1055 1536 enim

94 1562 187 1627 aliud
214 1566 441 1650 argumentum
468 1564 624 1648 epistolae
650 1567 782 1630 nostrae
808 1562 872 1627 nisi
900 1561 1055 1626 κολακεία

93 1651 184 1717 fnit?
221 1674 277 1731 an,
309 1653 336 1716 si
368 1674 419 1736 ea,
455 1675 537 1736 quae
569 1653 692 1737 optima
721 1656 870 1737 putarem
877 1671 899 1734 ,'
922 1648 1057 1722 suadere?

94 1741 280 1824 voluissem,
303 1741 407 1806 oratio
426 1741 505 1806 mihi
520 1739 695 1807 defuisset?
718 1742 796 1807 totis
818 1740 918 1825 igitur
940 1736 1057 1802 litteris

95 1829 183 1894 nihil
206 1851 287 1914 opus
310 1833 372 1912 est3
395 1831 451 1896 ubi
472 1831 558 1910 enim
572 1829 750 1915 ἐπίτευγμα
762 1849 918 1914 magnum
931 1827 1057 1892 nullum

94 1919 169 1984 fieri
191 1919 311 2002 possit,
333 1911 523 2003 ἀπότευγμα
544 1921 596 1984 vel
618 1941 686 1984 non
709 1939 864 2004 magnum
886 1917 1058 1980 molestum

94 2007 246 2072 futurum
269 2008 325 2091 sit,
347 2007 424 2091 quid
447 2029 527 2091 opus
551 2011 601 2072 est
622 2001 945 2091 παρακινδυνεύεινῖ
967 2023 1058 2086 prae·

97 2097 212 2160 sertim
227 2118 325 2180 quum
338 2095 418 2160 illud
437 2099 592 2180 occurrat,
613 2096 714 2178 illum,
736 2117 836 2179 quum
858 2095 954 2156 antea
976 2089 1059 2154 nihil

98 2183 297 2268 scripserim,
328 2185 584 2248 existimaturum
610 2205 661 2250 me
688 2183 752 2248 nisi
777 2185 849 2248 toto
875 2181 960 2246 bello
984 2199 1059 2243 eon·

96 2274 187 2338 fecto
214 2273 297 2337 nihil
324 2273 517 2356 scripturum
545 2273 657 2356 fuisse3
691 2275 787 2357 atque
804 2269 913 2334 etiam
939 2287 1060 2350 vereor,

98 2385 142 2427 ne
156 2365 250 2446 putet
263 2383 314 2426 me
327 2361 390 2426 hoe
404 2361 497 2445 quasi
511 2359 643 2427 Catonis
659 2363 814 2446 μείλιγμα
828 2379 897 2424 esse
910 2356 1059 2422 voluisse.

99 2451 187 2527 Quid
211 2451 359 2535 quaeris?
381 2449 474 2515 valde
488 2473 539 2514 me
561 2451 757 2534 poenitebat,
778 2469 838 2513 nee
856 2447 938 2512 mihi
950 2447 985 2511 in
998 2443 1060 2509 hae

99 2540 233 2625 quidem
263 2561 298 2604 re
330 2538 505 2624 quidquam
536 2540 654 2624 magis,
689 2543 727 2604 ut
757 2539 886 2620 vellem,
918 2535 1059 2600 accidere

99 2629 220 2714 potuit,
242 2649 339 2711 quam
361 2627 448 2711 quod
471 2623 600 2710 σπουδὴ
614 2631 727 2692 nostra
747 2647 815 2692 non
838 2629 888 2690 est
908 2625 1059 2709 probata3

101 2716 326 2783 incidissemus
353 2717 451 2780 etiarn
476 2716 512 2780 in
538 2716 626 2800 illos,
656 2715 692 2779 in
723 2717 769 2780 eis
799 2711 856 2802 [in]
885 2717 1060 2798 cognatum

100 2812 205 2872 tuum.
242 2801 304 2870 sed
326 2806 421 2869 redeo
445 2805 486 2868 ad
508 2804 634 2870 hortos:
656 2805 752 2889 plane
775 2805 850 2868 illue
872 2805 905 2866 te
927 2803 973 2866 ire
996 2801 1087 2865 nisis

102 2901 160 2960 tuo
184 2915 304 2980 magno
327 2893 495 2960 commodo
518 2893 605 2976 nolo,
627 2893 709 2958 nihil
732 2893 818 2956 enim
840 2893 948 2976 urget3
970 2889 1060 2974 quid-

102 2983 181 3069 quid
195 2983 265 3067 erit,
288 3004 419 3068 operam
431 2983 467 3047 in
480 2981 802 3066 Faberio'ponamus,
825 2980 864 3044 de
883 2979 933 3043 die
951 2981 1062 3042 tamen

103 3072 273 3155 auctionis,
296 3072 324 3136 si
344 3070 421 3155 quid
435 3072 524 3136 scies.
551 3069 645 3154 Eum,
660 3071 715 3154 qui
729 3092 747 3134 e
761 3067 906 3134 Cumano
920 3070 1062 3148 venerat,

102 3160 191 3246 quod
214 3163 247 3225 et
273 3161 370 3244 plane
393 3160 498 3224 valere
520 3158 665 3224 Atticam
687 3157 861 3223 nuntiabat
883 3159 916 3220 et
937 3156 1061 3220 litteras

103 3272 137 3315 se
160 3249 281 3315 habere
304 3249 420 3332 aiebat,
444 3248 554 3313 statim
577 3248 618 3313 ad
641 3251 674 3311 te
696 3247 779 3311 misi.
826 3319 827 3322 Ἴ

103 3371 289 3496 ΜΒΙΕμὸῖτ,
310 3377 339 3494 1R
364 3369 409 3452 lle
423 3368 619 3493 {paulam
642 3384 694 3452 vn,
722 3385 744 3422 e.
764 3384 795 3422 ar
823 3365 872 3431 0,),
905 3364 1062 3448 Εμίείαίαγα

103 3529 124 3568 0.
143 3437 959 3652 ᾝγγωῖίῶίῗμγγὲὲῗῇἱ[ίίαίίίψίὶῃὲί
975 3451 1064 3576 tit?

104 3614 139 3625 -
270 3623 280 3650 γ
423 3600 443 3637 u
471 3625 477 3636 .
