2594 3976
209 254 468 312 EPISTOLARUM
485 255 536 312 AD
555 254 725 312 ATTIOUM
738 255 811 312 XIV.
831 262 943 312 10-12.
987 254 1056 320 519

97 401 278 467 consolatio
314 400 512 468 conscientie
544 387 674 466 maximi
705 403 738 465 et
768 398 936 466 clarissimi
966 399 1065 484 fecti,

97 490 193 554 nobis
216 489 321 574 quee‘?
357 489 412 574 qui
434 489 604 555 interfecto
631 509 707 574 rege
729 488 822 554 liberi
845 509 913 552 ncn
935 509 1055 554 sumus.

98 575 162 642 Sed
175 577 256 642 haec
268 578 402 644 fortuna
415 577 539 661 viderit,
553 578 705 662 quoniam
716 577 800 644 ratio
809 597 877 641 non
887 576 1055 662 gubernat.

97 664 150 730 De
164 663 317 731 Cicerone
338 686 420 751 quas
443 667 565 750 scribis,
586 665 726 731 iucunda
748 665 829 730 mihi
851 667 938 747 sunt,
958 665 1083 729 velimr

98 753 168 817 sint
190 775 358 840 prospera3
382 754 468 838 quod
491 769 566 822 vero
590 775 684 819 curae
707 752 767 819 tibi
790 756 848 838 est,
869 755 907 818 ut
929 752 959 816 si
982 773 1055 836 sup-

98 837 262 926 peditetur
293 843 334 908 ad
366 864 460 907 usum
492 847 525 908 et
556 844 677 908 cultum
709 842 853 927 copiose,
888 861 946 924 per
975 839 1057 904 mihi

82 932 231 1014 ‘gratum
254 934 315 1014 est,
346 931 442 1016 idque
465 934 503 996 ut
523 931 637 1014 facias,
668 934 701 996 te
728 931 826 995 etiam
853 934 943 1011 utque
963 929 1058 994 dmm

98 1017 691 1174 ...s
705 1019 1058 1172 erutus

99 1215 186 1277 nem,
200 1196 403 1278 quamvidec
417 1195 559 1280 quotidie
573 1131 759 1261 fertiliorem.
786 1193 836 1259 De
850 1191 1059 1258 Cluuiano—

100 1282 256 1365 quoniam
269 1282 305 1346 in
318 1305 353 1348 re
367 1305 439 1348 mea
453 1285 623 1368 meipsum
637 1283 805 1369 diligentia
817 1282 919 1347 vincis
933 1317 986 1366 -,
1005 1299 1058 1345 res

100 1369 144 1435 ad
165 1375 303 1435 centena
324 1372 521 1456 perducitur:
544 1373 639 1437 ruina
658 1393 727 1436 rem
740 1392 808 1436 non
821 1371 900 1435 fecit
921 1367 1058 1434 deterio-

99 1479 179 1541 rem,
201 1457 288 1524 haud
311 1461 378 1525 scio
399 1481 442 1524 an
462 1461 560 1526 etiam
573 1460 831 1526 fructuosiorem.
857 1456 920 1522 Hic
933 1477 1059 1522 mecum

98 1545 239 1631 Balbus,
270 1544 409 1632 Hirtius,
440 1544 556 1614 Pensa.
600 1546 699 1614 Modo
721 1548 812 1612 venit
834 1545 999 1630 Octavius,
1026 1547 1059 1609 et

99 1634 232 1720 quidem
263 1635 300 1700 in
329 1636 509 1720 proximem
536 1635 645 1702 villam
672 1635 828 1721 Philippi,
860 1634 939 1699 mihi
970 1637 1059 1701 totus

100 1722 440 1878 defflus'aullemloe
468 1723 622 1810 Spinther
652 1725 748 1792 hodie
776 1723 863 1810 apud
889 1745 955 1808 me5
988 1743 1074 1789 cras·

100 1832 241 1878 maner

544 2005 619 2074 XII.

171 2125 229 2182 Ser.
248 2125 373 2182 Puteolis
392 2144 417 2182 a.
436 2127 462 2184 d.
481 2126 516 2183 X.
534 2129 674 2184 Kalendas
692 2127 783 2182 Maias
802 2142 827 2184 a
845 2143 872 2182 u.
891 2143 913 2180 c
934 2129 994 2180 ⁷10.

395 2232 525 2290 CICERO
543 2233 682 2290 ATTICO.
697 2233 773 2290 SAL.

173 2342 200 2408 0
227 2342 272 2406 mi
299 2341 420 2426 Attice,
456 2364 582 2428 vereor,
617 2363 660 2408 ne
690 2343 785 2409 nobis
816 2340 893 2406 Idus
924 2339 1088 2405 Martieer

103 2431 188 2496 nihil
211 2430 358 2496 dederint
377 2435 506 2516 praeter
530 2433 687 2498 laetitiam
714 2435 748 2496 et
769 2430 835 2508 cdii
862 2449 1000 2516 poenam
1024 2449 1061 2493 ac

104 2518 240 2585 doloris:
264 2540 346 2603 quae
359 2519 440 2584 mihi
452 2519 541 2585 istim
555 2519 752 2585 efferuntur?
776 2541 858 2604 quae
879 2518 933 2584 hic
946 2515 1061 2582 video?

104 2600 132 2673 cd
156 2603 304 2693 πράξεως
325 2607 427 2692 καλῆς
449 2607 521 2692 μέν,
544 2602 680 2686 ἀτελοῦς
702 2605 758 2672 de'!
789 2605 874 2693 Scis,
896 2628 993 2692 quarn
1016 2605 1062 2670 di·

104 2697 207 2783 ligem
228 2694 355 2765 Siculos
383 2700 416 2762 et
444 2718 540 2781 quam
566 2697 656 2762 illem
683 2695 865 2763 clientelam
890 2696 1062 2762 honestem

104 2787 258 2851 iudicem:
290 2783 393 2849 multa
414 2784 479 2850 illis
503 2783 633 2869 (leesor,
662 2807 766 2870 neque
788 2806 840 2849 me
862 2784 979 2867 invito,
1001 2783 1063 2846 etsi

106 2875 268 2940 Latinitas
290 2876 360 2959 erat
386 2891 454 2938 non
480 2872 625 2957 ferenda,
657 2875 878 2939 verumtamen
900 2895 958 2955 -3
990 2891 1062 2935 ecce

106 2969 216 3030 autem
230 2961 394 3028 Antonius
416 2967 548 3048 accepte
571 2961 686 3048 grenffi
707 2962 844 3046 pecunia
865 2960 936 3024 fixit
957 2959 1063 3043 legem

107 3053 298 3123 edictatore
320 3049 458 3115 comitiis
480 3053 590 3136 letum,
612 3073 675 3136 qua
694 3049 792 3115 Siculi
816 3049 901 3112 cives
914 3047 1064 3131 Romani,
1113 3125 1115 3128 Ι

107 3141 198 3207 cuius
224 3138 272 3204 rei
298 3138 372 3204 vivo
398 3138 455 3204 illo
482 3141 605 3205 mentio
631 3140 730 3204 nulla.
776 3135 882 3213 Quid?
917 3135 1063 3202 Deiotari

105 3229 212 3296 nostri
234 3248 333 3293 eausa
353 3246 422 3291 non
445 3227 579 3295 similis?
606 3225 723 3314 dignus
744 3225 799 3291 ille
823 3224 951 3312 quidem
974 3222 1064 3295 curui
1170 3221 1175 3230 ’

178 3457 230 3527 Ep.
245 3462 289 3525 11,
308 3463 332 3513 t.
351 3473 376 3528 q.
390 3465 452 3512 cere
470 3463 552 3512 eece
570 3455 694 3526 (qma).
713 3471 737 3524 q.
756 3469 816 3510 cere
834 3469 855 3510 o.
873 3451 939 3520 Μψ.
958 3470 983 3522 q.
1001 3467 1063 3507 cero

106 3529 242 3653 tetisgtdeet
258 3527 361 3666 qusse'
379 3545 415 3597 ι,
434 3526 463 3582 B.
484 3557 517 3566 -
538 3527 605 3580 Plu:
622 3543 655 3581 m.
675 3531 694 3580 t.
713 3525 820 3580 deditae
838 3529 877 3578 cet
893 3521 951 3594 (Or.
963 3523 1063 3592 ocull?
