2522 3960
215 943 272 1027 M.
301 943 521 1030 TULLII
547 944 884 1030 CICERONIS

135 1085 549 1160 EPISTOLARUM
588 1087 663 1158 AD
698 1087 967 1160 ATTIOUM

356 1240 489 1308 LIBER
513 1239 737 1308 SEPTIMUS.

536 1541 561 1606 I.

77 1658 133 1714 Ser.
150 1660 263 1717 Athenis
281 1677 310 1754 a,
327 1662 353 1716 d.
372 1661 459 1716 XVII.
477 1662 619 1718 Kalendas
637 1623 857 1718 Novembres.
876 1679 904 1720 u.
922 1679 945 1717 c.
966 1669 1025 1718 ⁷04.

357 1766 486 1823 CICERO
506 1767 640 1822 ATTICO
660 1768 734 1822 SAL.

141 1873 297 1942 Dederam
320 1877 467 1960 equidem
481 1877 517 1942 L.
531 1875 660 1942 Saufeio
683 1877 807 1942 litteras
822 1879 854 1941 et
877 1875 1026 1942 dederam
1041 1902 1051 1940 1

77 1961 116 2026 ad
138 1967 168 2028 te
190 1987 305 2048 unum,
328 1963 429 2049 quod,
452 1986 551 2050 quum
572 1986 640 2030 non
663 1968 747 2030 esset
768 1965 923 2050 temporis
946 1965 1026 2030 mibi

78 2051 115 2114 ad
129 2051 331 2118 scribendum
352 2052 440 2137 satis,
461 2058 571 2118 tamen
584 2053 749 2118 hominem
770 2053 831 2117 tibi
843 2057 912 2116 tam
933 2053 1026 2116 fami-

78 2139 183 2204 liarem
205 2142 275 2206 sine
298 2141 378 2204 meis
400 2141 516 2205 litteris
540 2140 580 2206 ad
602 2145 634 2205 te
648 2140 757 2208 venire
780 2140 939 2224 nolebam,
962 2141 1026 2224 sed,

80 2233 116 2290 ut
131 2228 316 2313 philosophi
337 2227 513 2312 ambulant,
534 2229 594 2294 bas
617 2227 677 2293 tibi
690 2227 850 2293 redditum
872 2227 912 2292 iri
934 2230 1025 2311 puta·

78 2315 146 2380 bam
167 2317 271 2402 prius:
295 2317 351 2380 sin¹
368 2317 434 2380 iam
455 2317 528 2382 illas
551 2314 711 2400 accepisti,
734 2316 795 2380 scis
814 2336 865 2381 me
878 2313 1026 2380 Athenas

79 2405 195 2470 venisse
219 2427 267 2490 pr.
281 2403 358 2469 Idus
372 2400 537 2489 Octobres,
559 2404 666 2469 enavi
686 2425 851 2490 egressum
872 2403 908 2468 in
920 2401 1026 2469 Pirae-

77 2511 144 2556 eum
165 2497 239 2558 tuas
264 2493 304 2557 ab
327 2492 449 2558 Acasto
472 2496 584 2558 nostro
607 2494 732 2558 litteras
756 2492 928 2578 accepisse,
952 2515 1025 2558 con-

79 2579 249 2664 turbatum,
279 2580 365 2664 quod
388 2602 461 2646 cum
482 2581 571 2646 febre
594 2579 732 2646 Romam
753 2581 908 2666 venisses,
939 2581 1025 2647 bono

78 2669 180 2734 tamen
204 2669 312 2733 animo
336 2690 405 2733 esse
429 2669 581 2754 coepisse,
605 2670 692 2752 quod
713 2667 852 2736 Acastus
875 2691 922 2755 ea,
944 2692 1026 2753 quae

79 2755 194 2840 vellem,
208 2756 248 2822 de
263 2757 400 2822 allevato
415 2777 549 2842 corpore
562 2759 619 2821 tuo
633 2757 807 2842 nuntiaret,
825 2757 1025 2824 cohorruisse

79 2847 178 2909 autem
201 2867 262 2929 me,
285 2844 370 2929 quod
384 2849 459 2910 tuae
481 2844 607 2910 litterae
622 2843 660 2910 de
683 2845 865 2932 legionibus
880 2843 1025 2912 Caesaris

79 2930 230 3016 afferrent,
253 2937 285 2997 et
304 2934 406 3018 egisse
420 2937 537 3017 tecum,
557 2937 596 2997 ut
617 2933 751 3018 videres,
772 2932 909 3018 nequid
932 2937 1027 3016 φιλο-

79 3023 160 3102 τιμία
184 3021 267 3105 eius,
294 3042 389 3104 quem
411 3020 512 3105 nosti,
538 3020 633 3087 nobis
656 3026 798 3106 noceret,
828 3024 873 3104 et,
900 3020 939 3085 de
962 3042 1025 3105 quo

78 3103 260 3194 iampridem
279 3110 319 3173 ad
338 3113 370 3174 te
388 3109 592 3194 scripseram,
613 3108 789 3174 Turranius
809 3112 916 3173 autem
936 3130 1025 3174 secus

80 3193 131 3258 tibi
144 3195 310 3262 Brundisii
332 3197 512 3263 dixerat-
527 3197 613 3282 quod
627 3195 718 3261 exiis
740 3196 856 3261 litteris
880 3197 1026 3281 cognovi,

80 3301 149 3363 quas
168 3285 348 3370 aXenone,
370 3287 494 3371 optimo
518 3286 596 3370 viro,
619 3285 726 3369 accepi
740 3321 791 3367 -,
814 3305 871 3348 cur
892 3285 1025 3350 fratrem

81 3373 254 3449 provinciae
268 3395 336 3440 non
349 3373 583 3459 praefecissem,
606 3373 738 3456 exposui
753 3371 901 3436 breviter.
936 3369 1025 3438 Haec

82 3455 137 3522 fere
160 3467 238 3528 suut
259 3463 295 3526 In
316 3463 372 3528 illa
395 3462 541 3547 epistola.
580 3459 676 3526 Nunc
700 3460 775 3524 audi
797 3461 928 3546 reliqua.
965 3459 1051 3524 Pers

142 3598 191 3670 up.
212 3607 280 3670 1,1.
302 3601 402 3669 ferre(
441 3604 476 3669 sc
