2594 3976
229 211 487 268 EPISTOLARUM
505 211 554 268 AD
572 211 736 269 ATTIOUM
754 213 814 270 XV.
834 219 929 272 9-11.
992 211 1059 280 555

564 425 604 494 X.

230 547 289 604 Sur.
307 548 338 604 iu
356 547 513 604 'l'ueeuluno
531 547 621 604 Nonis
639 549 726 604 Iuniis
745 565 769 604 u.
789 567 816 604 ιι.
835 566 858 605 e.
878 555 938 606 710.

378 652 526 709 CICERO
544 653 695 709 ATTICO
713 653 796 710 SAL.

176 760 321 830 0Bruii
353 765 499 829 amanter
527 763 662 848 seripius
694 763 832 830 liiierasl
870 785 889 830 o
916 763 1064 848 iniquum

100 856 199 918 tuum
212 855 349 938 tempus,
371 851 427 938 qui
441 850 569 916 adeum
587 851 715 918 irenen
737 851 855 937 possisl
879 872 939 937 ego
955 855 1064 918 eutem

100 940 183 1028 quid
207 939 366 1006 scribam?
402 943 439 1005 ui
460 939 615 1003 beneficio
637 941 774 1006 istorum
798 937 956 1026 uianiur'?
987 941 1064 1026 quid

100 1029 255 1114 turpius?
278 1033 315 1094 ui
337 1027 512 1106 mpliuniur
527 1027 670 1112 aliquid?
691 1051 752 1094 nee
774 1029 895 1094 audent
916 1047 976 1094 nee
998 1029 1064 1094 iam

102 1121 252 1204 possunl.
288 1116 370 1203 Age,
393 1117 560 1202 quiescunt
582 1117 767 1183 auctoribus
790 1117 897 1183 nobis:
921 1118 992 1202 quis
1015 1117 1064 1183 in·

101 1205 328 1272 columitatem
353 1204 520 1290 praestat?
557 1205 585 1269 si
611 1227 688 1271 vero
715 1207 836 1292 aliquid
865 1205 904 1271 de
930 1205 1064 1272 Decimo

105 1294 253 1382 gravius,
284 1315 366 1379 quae
388 1293 510 1359 nostris
531 1293 612 1382 viia,
643 1295 770 1359 etiamsi
791 1315 886 1360 nemo
909 1294 1064 1360 melesius

88 1381 172 1448 ,siti
201 1383 295 1448 ludos
318 1403 393 1448 vero
416 1381 620 1469 nonfacere,
643 1383 719 1468 quid
741 1383 889 1449 foedius?
923 1383 1065 1449 frumen-

102 1475 179 1536 ium
209 1471 390 1556 imponere,
421 1491 502 1555 quae
535 1476 584 1536 esi
615 1472 679 1536 elia
709 1471 825 1537 Dionis
856 1471 976 1558 legatio
1009 1475 1067 1538 aui

104 1560 194 1646 quud
217 1582 335 1624 munus
356 1559 392 1624 in
414 1581 448 1624 re
466 1559 600 1662 publiea
621 1559 803 1626 sordidius?
837 1559 974 1626 Prorsus
998 1561 1066 1646 qui·

102 1647 181 1713 dem
213 1648 348 1714 consiliu
378 1648 437 1712 tuli
463 1667 627 1713 iurene
654 1649 694 1714 iis
722 1649 850 1734 quidem
881 1652 953 1714 luia
981 1653 1066 1735 suni,

107 1737 165 1822 qui
179 1736 271 1821 deni3
295 1736 351 1802 sed
364 1757 492 1821 possem
505 1735 539 1801 id
556 1738 720 1824 negligere
742 1737 922 1824 proficiens,
943 1739 1066 1804 frustra

104 1846 184 1892 vero
212 1826 268 1911 qui
296 1824 482 1910 ingrediar?
516 1828 628 1892 mairie
658 1827 792 1893 consilio
825 1849 924 1912 quum
955 1830 1066 1892 ulatur

104 1915 160 1982 vel
173 1915 272 1980 etium
293 1914 451 2000 precibus,
474 1914 551 1998 quid
564 1936 615 1980 me
628 1914 856 2000 interponam?
880 1915 935 1980 sed
955 1917 1066 1979 iumen

103 2002 259 2089 cogitabo
264 2053 273 2088 ,
305 2024 368 2087 quo
398 2023 515 2088 genere
543 2007 616 2068 uiur
642 2003 836 2086 litterarum,
867 2021 944 2066 nam
972 2002 1065 2067 silere

104 2113 177 2244 gon
198 2111 345 2176 possum:
378 2090 488 2156 statim
509 2091 610 2178 igilur
632 2091 759 2156 mittam
781 2092 833 2157 vel
855 2090 992 2156 Antium
1014 2091 1064 2156 uel

134 2201 259 2245 ιιιθιοε.

559 2373 616 2440 XI.

195 2495 252 2552 Ser.
271 2496 302 2552 in
319 2495 430 2552 Antiati
447 2512 473 2551 u.
492 2496 519 2552 d.
537 2496 572 2553 V.
590 2496 656 2554 Idus
674 2495 768 2554 Iuniae
785 2512 812 2552 u.
830 2513 857 2550 u.
875 2511 899 2552 e.
919 2500 980 2552 710.

382 2601 530 2658 CICERO
547 2602 700 2658 ΑΤΤΙΟΟ
716 2601 800 2680 SAL.

176 2709 312 2776 Anlium
326 2712 400 2776 veni
414 2734 442 2777 u.
457 2712 486 2777 d.
500 2729 544 2778 vn
557 2711 648 2796 Idus:
664 2709 769 2778 Bruto
782 2712 941 2777 iucundus
954 2713 1091 2778 uoeier¹

105 2797 276 2866 adventus.
311 2797 435 2866 Deinde
457 2801 567 2866 mullis
590 2799 802 2886 audientibus,
825 2798 967 2883 Servilia,
990 2797 1066 2865 Ter·

106 2889 200 2973 trulla,
212 2887 336 2973 Porcia,
358 2909 518 2974 quaerere,
541 2889 618 2976 quid
630 2891 771 2975 placeret
785 2927 827 2938 —
842 2889 954 2954 aderat
967 2888 1064 2954 eiiam

106 2972 272 3043 Favonius
288 3002 344 3043 -ι
368 2998 439 3065 ego,
461 2976 546 3066 quod
561 3000 648 3044 erum
663 2978 835 3044 medilatus
853 2979 889 3042 in
910 2975 972 3062 via,
994 2999 1065 3042 suu-

108 3066 194 3151 dere,
216 3069 253 3132 ui
274 3068 418 3133 uteretur
440 3066 584 3133 Asiatica
606 3069 771 3133 curatione
793 3066 961 3150 frumenti,
983 3065 1064 3132 nihil

107 3175 180 3220 esse
193 3155 258 3220 ium
271 3155 395 3240 reliqui,
417 3155 503 3241 quod
521 3177 698 3242 ageremus,
719 3156 783 3220 nisi
797 3159 833 3220 ui
847 3156 954 3221 salvus
969 3157 1065 3239 essei3

107 3245 145 3308 in
167 3265 206 3309 eo
220 3245 318 3310 etium
330 3244 394 3330 ipsi
406 3244 453 3309 rei
474 3245 621 3329 publicae
635 3266 704 3310 esse
726 3243 929 3329 praesidium.
961 3242 1065 3320 Quam

180 3419 232 3490 Ep.
248 3427 289 3484 10.
307 3421 354 3476 red
367 3435 474 3489 possem
488 3421 563 3488 (Ἦ).
580 3437 602 3476 ιι,
616 3421 721 3490 poesim
738 3419 785 3488 M,
803 3420 897 3491 vulgo.
916 3435 937 3474 e.
951 3434 1065 3489 ponem

107 3491 192 3632 {lag
207 3492 294 3616 REP'
314 3499 357 3561 11,
377 3500 400 3546 1.
426 3492 504 3558 aud,
521 3491 649 3558 Seruilia,
668 3491 710 3560 T,
730 3492 774 3560 P,
792 3509 816 3563 q.
835 3494 892 3562 (g).
918 3507 944 3548 a.
963 3489 1003 3558 S,
1022 3489 1065 3556 Y„
