2574 3966
210 283 475 341 misecamus
492 255 542 339 no
560 281 725 340 nccrcuu
743 283 804 339 xu.
823 291 865 340 21.
886 290 928 340 aa
982 282 1048 346 433

77 451 183 513 quam
206 429 353 513 omnium
376 428 582 513 reliquorum,
603 449 707 512 nsque
730 432 840 494 tamen
860 428 1052 513 progredior

77 518 231 603 longius,
263 539 361 602 quam
388 517 469 581 mihi
492 515 668 582 doctissimi
690 516 838 582 homines
861 517 1050 600 concedunt,

79 627 225 690 quorum
257 606 378 690 scripta
392 639 396 643 ·
410 606 532 689 omnia,
564 626 783 689 quaecumque
813 606 950 670 suntin
978 627 1049 669 eam

79 693 293 778 sententiam,
315 715 384 759 non
405 694 471 778 legi
493 693 608 778 solum,
630 693 715 777 quod
734 694 840 778 ipsum
863 697 933 758 erat
954 693 1049 758 fortis

79 782 228 868 aegroti,
263 783 406 866 accipere
439 781 645 867 medicinam,
680 782 737 847 sed
772 783 807 846 in
843 803 915 846 mea
953 781 1051 849 etiam

80 873 210 955 scripta
231 871 398 955 transtuli,
426 870 512 955 quod
535 874 620 936 certe
643 869 756 936 afflicti
779 874 812 936 et
833 869 928 934 fracti
951 870 1051 934 animi

79 980 155 1024 non
178 959 254 1024 fuit:
278 958 318 1023 ab
341 957 393 1024 his
415 979 467 1022 me
484 958 637 1024 remediis
655 959 725 1024 noli
745 959 781 1024 in
802 958 900 1023 istam
921 960 1051 1023 turbam

81 1065 214 1131 vocare,
235 1068 277 1112 ne
300 1047 450 1113 recidam.

521 1223 627 1290 XXII.

251 1343 308 1400 Sor.
327 1345 447 1400 Asturae
465 1359 559 1399 mense
577 1344 680 1400 Martio
699 1359 769 1400 au.
789 1361 812 1400 c.
832 1347 891 1400 'ida

363 1445 512 1526 clonae
529 1449 681 1506 ATTICO
698 1447 782 1505 SAL.

155 1557 208 1624 De
239 1555 404 1641 Terentia,
436 1559 522 1642 quod
553 1557 633 1624 mihi
662 1579 757 1624 omne
790 1579 872 1624 onus
903 1557 1075 1643 imponis,¹

86 1667 158 1712 non
182 1665 344 1732 cognosco
366 1649 457 1710 tuam
479 1645 515 1712 in
536 1667 588 1712 me
608 1647 859 1732 indulgentiam,
880 1647 945 1712 ista
966 1647 1053 1714 enim

88 1737 169 1800 sunt
192 1734 265 1818 ipsa
286 1733 434 1819 vulnera,
465 1757 547 1820 quae
569 1756 637 1802 non
666 1757 799 1820 possum
820 1739 960 1802 uacare
984 1737 1053 1801 sine

87 1823 234 1889 maximo
258 1821 389 1910 gemitu.
416 1821 583 1890 Moderare
606 1825 715 1910 igitur,
738 1846 867 1910 quaeso,
889 1827 928 1890 ut
948 1828 1052 1909 potes:

88 1933 198 1996 neque
222 1911 308 1977 enim
331 1933 351 1975 a
372 1915 405 1976 te
427 1913 514 1997 plus,
537 1934 634 1998 quam
656 1917 762 1998 potes,
784 1915 928 1998 postulo,
960 1917 1053 1996 potes

90 2004 213 2084 autem,
234 1997 311 2084 quid
325 2000 389 2065 veri
415 1999 466 2085 sit,
488 2001 668 2086 perspicere
688 2003 725 2065 tu
739 2022 833 2066 unus.
859 2001 909 2066 De
922 1999 1079 2084 Rutilias

90 2089 247 2174 quoniam
261 2087 378 2152 videris
392 2087 549 2174 dubitare,
572 2088 691 2153 scribes
706 2087 821 2173 adme,
844 2110 942 2173 quum
964 2089 1054 2172 scies,

91 2177 150 2243 sed
178 2197 276 2260 quam
302 2175 455 2261 primum,
486 2180 519 2241 et
545 2199 625 2242 num
652 2173 764 2242 Clodia
786 2177 826 2244 D.
849 2175 951 2240 Bruto
979 2197 1054 2241 eon-

92 2265 204 2349 sulari,
224 2263 291 2331 filio
315 2287 383 2350 suo,
406 2269 534 2330 mortuo
558 2265 686 2330 vixerit:
707 2263 740 2330 id
764 2265 803 2330 de
822 2264 974 2330 Marcello
998 2267 1055 2328 aut

93 2356 181 2418 certe
204 2353 244 2418 de
266 2351 433 2418 Postumia
455 2353 531 2418 sciri
552 2357 673 2440 polest,
704 2352 785 2418 illud
813 2356 923 2418 autem
950 2353 988 2417 de
1011 2351 1055 2417 M.

96 2439 194 2507 Cotta
217 2445 274 2506 aut
297 2441 335 2507 de
359 2438 439 2526 Syro
463 2446 520 2507 aut
542 2442 582 2506 dc
605 2440 729 2527 Satyro.
760 2442 811 2508 Dc
832 2442 935 2508 hortis
958 2442 1080 2508 suamc

95 2535 193 2616 atque
217 2531 360 2595 etiamte
373 2550 470 2615 rogo:
495 2531 644 2596 omnibus
666 2531 746 2596 meis
769 2552 952 2616 eorumque,
974 2553 1055 2616 quos

94 2619 164 2684 scio
187 2618 269 2684 mihi
291 2639 359 2684 uon
382 2619 557 2704 defuturos,
578 2620 843 2686 facultatibus-
864 2620 919 2686 sed
943 2622 1055 2704 potero

94 2708 176 2772 meis
208 2744 251 2754 -
284 2707 471 2772 enitendum
503 2708 583 2773 mihi
615 2711 672 2773 est.
717 2705 801 2774 Sunt
832 2709 943 2793 etiam,
974 2729 1056 2792 quae

94 2796 235 2862 vendere
257 2795 351 2860 facile
378 2795 513 2882 possim,
545 2796 614 2880 sed,
643 2800 774 2863 utnon
800 2797 937 2862 vendam
964 2797 1056 2880 eique

95 2906 229 2949 usuram
256 2884 408 2969 pendam,
440 2907 459 2948 a
487 2907 550 2970 quo
578 2907 699 2970 emero,
730 2907 798 2951 non
824 2887 898 2971 plus
925 2907 1057 2969 annum,

94 2995 230 3058 possum
253 2973 389 3058 assequi,
412 2974 497 3058 quod
511 2975 594 3059 volo,
617 2974 699 3038 situ
717 2997 767 3038 me
782 2974 935 3050 adiuvas„
959 2973 1057 3038 Para-

95 3061 214 3126 tissimi
242 3065 319 3126 sunt
340 3061 452 3147 Drusi,
484 3063 573 3146 cupit
600 3063 686 3128 enim
713 3063 863 3146 vender03
893 3063 1056 3145 proximos

95 3154 176 3234 puto
200 3148 345 3235 Lamiae,
375 3150 429 3214 sed
453 3150 558 3216 abest:
590 3155 774 3235 tutamen,
806 3151 834 3215 si
857 3151 933 3235 quid
955 3155 1057 3235 potes,

96 3239 242 3304 odorare.
278 3237 329 3303 Ne
346 3237 442 3304 Silius
465 3240 593 3324 quidem
616 3239 790 3325 quidquam
813 3239 915 3304 utitur
937 3240 1003 3304 scis
1025 3243 1057 3303 et

95 3329 124 3392 is
147 3327 255 3392 usuris
277 3327 430 3393 facillime
454 3328 696 3393 sustentabitur.
727 3326 820 3392 Habe
843 3331 935 3392 tuum
958 3347 1056 3411 nego·

169 3483 220 3555 Ep.
240 3489 283 3552 22,
302 3491 327 3540 3.
355 3490 380 3540 te
397 3497 462 3554 rouo
480 3485 549 3555 (Zb.,
565 3485 605 3554 1.).
629 3500 694 3554 royo
713 3483 818 3553 (ΗΜ,
838 3483 896 3552 B.)?
916 3511 949 3522 —
968 3483 1058 3537 utitur

94 3557 155 3640 suis
173 3561 199 3610 et
217 3555 292 3626 (Ν).
312 3573 339 3611 a.
353 3561 379 3610 et
397 3555 490 3626 vulgo.
511 3585 543 3595 -
562 3555 693 3610 smmis
712 3554 851 3625 (Lipsius).
871 3555 907 3609 iis
920 3571 947 3608 c.
963 3553 1057 3624 vulgo.

96 3626 265 3760 [uslillgrolllr
284 3715 347 3765 sona
360 3714 392 3757 11.
862 3720 896 3768 28
