2608 3972
252 247 296 310 60
533 243 571 298 Μ.
591 240 714 297 TULLII
731 239 921 296 CICERONIS

251 389 335 456 nihil
357 391 485 474 praeter
506 387 714 470 locationem,
734 383 831 450 redde
853 383 887 448 id
909 385 1024 468 ipsum.
1060 382 1106 448 Ilt
1128 383 1216 448 scito

253 476 426 544 Curionem
458 475 694 540 adolescentem
715 473 841 539 venisse
874 471 915 536 ad
941 493 993 537 me
1020 472 1215 538 salutatum:

251 566 345 631 valde
368 565 438 630 eine
464 585 568 628 sermo
596 563 635 627 de
656 560 773 627 Publio
796 581 870 626 cum
898 560 963 625 tuis
990 560 1108 626 litteris
1135 581 1215 625 con·

253 654 403 740 gruebat3
430 653 499 738 ipse
522 672 598 716 vero
621 650 804 716 mirandum
825 649 861 713 in
883 648 1015 714 modum

570 827 615 842 -
637 812 730 877 reges
754 790 859 857 odisee
882 791 1050 875 superboe3

252 974 411 1040 peraeque
432 952 588 1018 narrabat
609 952 775 1016 incensam
791 970 860 1014 esee
882 949 1083 1014 iuventutem
1104 970 1215 1034 neque

252 1043 337 1109 ferre
362 1041 443 1107 haec
468 1062 573 1126 posse.
617 1038 707 1103 Bene
737 1037 895 1102 hebemus
926 1058 1001 1121 nos,
1033 1037 1060 1101 si
1091 1037 1127 1100 in
1159 1037 1215 1102 hie

253 1152 327 1216 spes
341 1133 402 1196 eet:
425 1130 550 1215 opinor,
572 1127 660 1194 alind
680 1147 828 1211 agamus3
850 1145 911 1210 ego
925 1146 976 1190 me
990 1124 1031 1190 do
1045 1125 1215 1210 historiae,

253 1239 448 1303 quemquam
469 1218 546 1282 licet
567 1237 618 1280 me
642 1213 808 1280 Saufeium
828 1217 923 1298 putes
947 1234 1029 1278 esee:
1052 1212 1136 1277 nihil
1160 1235 1214 1278 me

226 1309 304 1372 rest
326 1306 470 1370 inertius.
499 1303 561 1370 Sed
575 1324 735 1390 cognosce
748 1303 866 1368 itinera
878 1304 1000 1386 nostra,
1022 1305 1060 1366 ut
1075 1305 1214 1386 statuas,

252 1393 310 1458 ubi
331 1415 392 1459 noe
415 1391 542 1458 visurus
566 1392 622 1456 sis:
644 1391 680 1454 in
697 1389 907 1454 Formianum
929 1391 1077 1454 volumus
1099 1391 1214 1455 venire

252 1479 426 1565 Parilibue;
456 1480 546 1565 iude,
577 1480 730 1564 quoniam
760 1481 857 1562 putee
887 1478 1213 1562 praetermittendum

253 1571 348 1637 nobie
379 1591 448 1635 esse
479 1569 542 1634 hoc
573 1571 717 1653 tempore
744 1563 878 1632 Cratera
908 1566 1000 1631 illum
1028 1565 1215 1650 delicatum,

252 1657 325 1724 Kal.
356 1657 451 1723 Maiis
486 1656 526 1721 de
556 1653 730 1721 Formiano
762 1654 1013 1739 proficiscemur,
1048 1657 1086 1719 ut
1116 1653 1213 1720 Antii
1296 1673 1297 1676 ’

254 1747 353 1811 εἱωιιε
384 1768 412 1810 a.
440 1745 469 1810 d.
495 1767 524 1810 v.
550 1741 664 1809 Nonas
695 1741 798 1808 Maias
825 1779 868 1792 -
898 1742 966 1807 ludi
997 1741 1084 1807 enim
1115 1741 1212 1807 Antii
1296 1781 1297 1818 3

253 1835 355 1900 futuri
382 1837 458 1900 sunt
485 1854 504 1897 a
526 1851 585 1898 1111.
608 1833 649 1896 ad
670 1854 718 1915 pr.
741 1829 854 1897 Nonas
876 1830 992 1914 Maiae,
1024 1852 1079 1896 eos
1102 1830 1213 1896 Tullia

254 1926 398 2007 spectare
412 1922 482 1987 vult
495 1945 553 2004 -3
573 1920 648 1985 inde
672 1919 779 2004 cogito
795 1919 830 1983 in
843 1918 1070 2003 Tusculanum,
1093 1918 1212 1984 deinde

253 2010 422 2095 Arpinum,
444 2009 582 2074 Romam
605 2009 646 2072 ad
667 2006 740 2072 Kal.
762 2006 882 2072 Iuniae.
927 2006 972 2071 Te
995 2010 1053 2071 aut
1074 2007 1110 2072 in
1129 2005 1211 2073 For-

252 2100 361 2164 miano
385 2101 442 2163 aut
454 2096 547 2162 Antii
561 2097 666 2174 autin
679 2095 861 2160 Tusculano
876 2116 953 2159 cura
974 2098 1013 2158 ut
1034 2094 1211 2162 rideamne.

252 2187 435 2272 Epistolam
458 2185 655 2272 superiorem
676 2184 810 2248 restitue
832 2183 926 2248 nobis
941 2185 973 2247 et
987 2183 1128 2268 appinge
1152 2185 1210 2248 ali·

253 2275 330 2361 quid
351 2275 438 2342 novi.

703 2448 759 2514 IX.

253 2569 310 2625 Sor.
333 2569 364 2624 in
382 2568 493 2624 numu
509 2568 601 2624 medio
623 2586 718 2624 manee
736 2568 829 2695 Αἷτὲὲί
852 2571 929 2637 (ante
946 2588 1005 2624 xm.
1024 2567 1086 2622 Kar
1105 2569 1210 2639 Mars)

637 2656 662 2694 a.
681 2657 708 2694 u.
726 2657 750 2694 c.
823 2679 829 2692 .

540 2744 670 2801 CICERO
688 2743 822 2800 ATTICO
842 2745 918 2800 SAL.

226 2883 240 2926 ι
320 2853 433 2921 Subito
466 2876 565 2940 quum
596 2855 676 2920 mihi
707 2854 839 2920 dixisset
868 2852 1024 2920 Caecilius
1056 2859 1210 2938 quaestor
1295 2923 1296 2928 ,

251 2965 387 3030 puerum
410 2965 444 3009 se
464 2943 602 3008 Romam
624 2944 761 3028 mittere,
782 2942 862 3008 haec
885 2942 997 3026 scripsi
1019 2942 1148 3027 raptim,
1170 2948 1209 3009 ut

251 3036 326 3098 tuoe
348 3031 484 3098 elicerem
506 3031 657 3096 mirificos
680 3053 753 3096 cum
775 3028 890 3096 Publio
914 3029 1077 3116 dialogos,
1107 3052 1209 3114 quum

253 3142 324 3206 eos,
355 3119 394 3186 de
418 3120 534 3205 quibus
557 3120 684 3205 scribis,
714 3123 784 3184 tum
806 3119 910 3202 illum,
942 3139 1037 3202 quem
1060 3118 1152 3184 abdis
1176 3124 1210 3183 et
1295 3111 1296 3124 ¹

253 3210 300 3275 ais
313 3211 448 3294 longum
461 3229 540 3293 esse,
562 3229 643 3292 quae
658 3207 699 3272 ad
713 3228 751 3272 ee
763 3206 977 3291 responderis,
997 3206 1209 3291 perscribere,
1295 3209 1296 3290 ἶ

252 3297 343 3363 illum
356 3318 443 3381 vero,
457 3297 511 3382 qui
525 3296 670 3362 nondum
683 3295 814 3360 habitus
824 3296 882 3380 est,
896 3315 991 3378 quem
1003 3295 1061 3360 illa
1074 3295 1209 3380 βοῶπις,
1295 3343 1296 3350 κ

254 3406 353 3470 quum
371 3406 388 3449 e
403 3383 534 3451 Solonio
557 3383 696 3468 redierit,
718 3384 759 3448 ed
772 3387 805 3448 te
818 3387 868 3448 eet
880 3383 1029 3471 relatura,
1053 3383 1098 3448 eie
1111 3382 1208 3448 velim

252 3473 356 3556 putee,
378 3471 460 3536 nihil
482 3473 544 3538 hoc
561 3472 661 3556 ¹posue
683 3471 764 3536 mihi
777 3491 846 3536 esse
867 3470 1047 3537 iucundius.
1074 3469 1209 3556 sivero,

254 3579 336 3643 qnae
359 3558 397 3622 de
420 3579 471 3622 me
493 3563 589 3644 pacta
613 3562 698 3644 eunt,
720 3580 758 3622 ee
780 3580 847 3623 non
861 3561 1038 3644 servantur,
1059 3559 1095 3623 in
1118 3559 1208 3625 coelo
