2590 3964
223 251 483 329 amarescant
500 271 550 326 An
570 270 734 328 carrona
751 271 798 327 111.
819 277 931 326 10-12.
1013 271 1057 337 97

104 414 167 478 nisi
192 414 275 480 intre
305 415 445 500 parietes
472 437 561 481 meos
588 415 627 482 de
654 437 726 482 mea
753 416 894 500 pernicie
922 416 1058 482 consilia

104 502 257 568 mirentur
270 539 323 588 -,
346 507 502 571 auteerte
525 504 617 568 rivin
640 525 708 570 non
731 503 935 570 amitterem?
967 503 1084 570 Haece

102 612 144 654 eo
156 592 273 676 scripsi,
294 595 333 656 ut
353 591 463 676 potius
476 593 635 658 relevares
655 614 716 676 rue,
738 593 825 676 quod
847 593 937 678 facis,
960 613 1058 677 quam

102 681 142 742 ut
169 680 381 764 castigatione
414 683 471 745 aut
502 681 727 765 obtingatione
750 681 885 766 dignum
915 685 1058 766 putares,

103 787 201 851 eoque
215 765 264 834 ‘ad
286 771 321 832 te
342 769 450 834 minus
473 769 577 835 multa
598 769 717 854 scribo,
749 770 836 853 quod
858 773 892 834 et
913 791 1059 836 maerore

102 855 255 939 impedior
283 861 329 940 et,
361 855 446 941 quod
469 861 651 942 exspectem
676 858 786 943 istinc,
817 859 922 944 magis
943 858 1058 942 habeo,

103 965 197 1028 quam
227 945 315 1028 quod
350 945 420 1029 ipse
456 947 608 1012 scribam:
646 967 728 1030 quae
763 947 792 1012 si
823 950 918 1015 erunt
950 946 1058 1030 allata,

101 1029 214 1098 facim
242 1036 277 1098 te
304 1033 430 1098 consilii
456 1035 561 1100 nostri
588 1035 773 1119 certiorem
806 1037 857 1118 tu,
889 1038 926 1106 ut
953 1033 1061 1100 adhuc

101 1119 211 1206 fecisti,
234 1143 333 1206 quam
355 1123 501 1206 plurimis
524 1123 564 1190 de
586 1123 682 1188 rebus
697 1123 738 1191 ad
752 1145 803 1188 me
817 1123 913 1190 velim
928 1123 1059 1207 scribes,

101 1211 135 1274 ut
153 1231 290 1293 prorsus
305 1210 439 1294 nequid
459 1212 616 1297 ignorem.
643 1211 730 1278 Data
742 1229 826 1280 x1111.
839 1211 911 1281 Kal.
942 1210 1059 1288 Quinc·

100 1297 169 1362 tiles
191 1297 431 1365 Thessalonice.

553 1422 610 1488 XI.

131 1523 189 1580 Sar.
211 1525 428 1582 Thessalonicae
446 1525 493 1582 Ν.
511 1526 653 1582 Kalendas
669 1525 823 1592 Quinctiles
842 1543 869 1582 a.
881 1543 908 1582 u.
923 1543 946 1580 o.
962 1532 1021 1581 696.

389 1613 519 1670 CICERO
537 1613 671 1670 ATTICO
692 1613 767 1670 SAL.

161 1721 218 1786 Me
243 1725 277 1787 et
298 1726 373 1788 tuae
395 1725 523 1790 litterae
545 1723 728 1808 etquidem
750 1723 830 1788 boni
852 1722 967 1805 nuntii,
989 1739 1084 1788 non1

98 1811 230 1894 optimis
253 1814 364 1876 tamen
386 1812 581 1896 auctoribus,
603 1816 636 1876 et
659 1811 855 1896 exspectatio
878 1814 1058 1878 vestrarum

96 1899 280 1965 litterarum
303 1903 336 1964 et
358 1901 444 1984 quod
465 1901 526 1966 tibi
547 1901 596 1966 ite
617 1902 785 1984 placuerat
803 1899 909 1964 adhuc
922 1897 1057 1962 Thessa·

96 1987 224 2052 lonicae
247 1988 391 2054 tenebat:
415 1989 442 2054 si
463 2010 615 2074 accepero
639 1989 773 2073 litteras,
795 2009 876 2072 quas
899 1989 1058 2071 exspecto,

97 2075 125 2140 si
148 2097 224 2160 spes
248 2076 310 2140 erit
332 2098 385 2162 ea,
417 2099 498 2162 quae
521 2077 704 2145 rumoribus
728 2076 935 2158 afferebatur,
961 2074 1002 2137 ad
1024 2077 1058 2138 te

96 2185 148 2228 me
180 2163 363 2248 conferam3
399 2166 427 2231 si
458 2187 527 2231 non
558 2166 632 2251 erit,
666 2166 785 2232 faciam
815 2167 848 2228 te
880 2162 1058 2245 certiorem,

96 2251 175 2336 quid
199 2253 331 2338 egerim.
368 2251 418 2318 Tu
435 2276 497 2338 me,
518 2257 556 2319 ut
576 2254 666 2339 facis,
690 2274 796 2337 opera,
819 2250 962 2334 oonsilio,
985 2265 1086 2335 gra-e

98 2341 144 2404 tia
165 2341 258 2406 iuva:
281 2342 441 2406 consolari
462 2343 528 2407 iarn
542 2342 666 2426 desine3
689 2341 859 2426 obiurgare
882 2360 957 2403 vero
980 2339 1058 2423 noli,

99 2429 186 2512 quod
209 2451 310 2513 quum
331 2429 421 2512 facis,
443 2434 481 2496 ut
502 2451 563 2515 ego
586 2434 680 2496 tuum
695 2451 837 2495 amorem
860 2431 893 2492 et
915 2428 1058 2494 dolorem

98 2516 259 2582 desideret
290 2539 385 2602 quem
406 2519 454 2582 ita
476 2519 626 2583 affectum
648 2539 721 2584 mea
742 2537 898 2582 aerumna
919 2537 988 2582 esse
1009 2539 1058 2582 ar·

98 2605 216 2690 bitror,
242 2608 281 2670 ut
302 2611 335 2670 te
356 2607 462 2691 ipsum
486 2608 647 2673 consolari
668 2627 764 2672 nemo
786 2605 899 2691 possit.
935 2604 971 2682 Q.
993 2606 1058 2670 fra·

98 2696 181 2758 trem
205 2695 365 2779 optimum
385 2695 717 2780 humanissimumque
741 2698 895 2760 sustenta.
931 2692 984 2758 Ad
1006 2717 1058 2760 me

99 2783 233 2848 obsecro
265 2786 299 2846 te
330 2786 368 2847 ut
399 2785 508 2848 omnia
539 2789 627 2850 certa
657 2783 845 2869 perscribas.
881 2781 967 2848 Data
998 2801 1059 2850 1111.

98 2869 171 2936 Kal.
195 2869 382 2946 Quinctiles.

542 2995 616 3061 XII.

135 3095 195 3153 Bor.
214 3097 430 3156 Thessalonicae
449 3097 522 3156 XVI.
540 3098 683 3154 Kalendas
702 3097 821 3154 Sextiles
840 3114 865 3154 a.
879 3114 906 3154 a
921 3113 945 3152 c.
960 3102 1021 3152 696.

391 3187 520 3244 CICERO
539 3186 673 3244 ATTICO
692 3187 768 3242 SAL.

166 3294 218 3360 'I'u
233 3296 361 3380 quidem
384 3295 495 3362 sedulo
514 3295 759 3382 argumentaris,
781 3292 858 3379 quid
872 3293 914 3360 sit
928 3309 1084 3378 sperans

99 3383 178 3450 dum
200 3387 234 3448 et
256 3383 393 3449 maxime
415 3406 473 3469 per
497 3389 653 3470 senatum,
674 3382 822 3466 idemque
845 3385 943 3466 eaput
963 3403 1057 3466 roga·

170 3538 313 3610 uaros
335 3539 527 3598 ramam
541 3540 595 3608 (w.
610 3542 640 3595 a
653 3539 718 3607 os).
744 3537 949 3593 castaneas
962 3537 1059 3609 vulgo.

101 3609 151 3682 Ep.
168 3617 251 3679 11,1.
268 3611 376 3666 tenetat
394 3611 434 3680 (M
441 3614 475 3682 1).
494 3611 619 3667 tenebam
637 3609 706 3678 (Ma,
725 3607 785 3678 RI,
803 3607 918 3678 vulgo)?

154 3698 268 3742 Ciceronis
282 3700 346 3752 splot.
361 3701 392 3744 11.
881 3702 896 3746 ’Ζ
