2484 3974
234 254 299 318 356
517 251 555 308 Μ.
575 251 699 308 TULLII
716 251 909 308 CICERONIS

233 421 302 464 nou
323 419 465 483 possum,
486 417 547 463 nec
559 401 671 463 brnen
685 397 721 461 in
743 397 812 462 scie
833 417 890 482 me,
913 397 970 462 sed
983 397 1118 464 Mebtee
1140 401 1193 462 sut

234 487 299 553 elio
320 488 357 551 in
378 487 451 553 loco
473 485 571 552 simili
593 487 740 551 futurum
761 488 851 570 puto.
896 484 1035 572 „Nihil,“
1061 487 1192 571 inquies,

232 577 344 661 ,iuves
366 597 450 659 eum,
470 577 508 640 in
530 595 625 660 quem
638 575 787 660 ingratus
801 595 871 639 esse
885 595 951 640 non
967 573 1059 640 vis?“
1093 573 1191 639 Immo

234 665 342 729 minus
373 665 512 730 fortusse
543 663 707 729 voluisset.
752 660 815 728 Sed
846 662 887 727 de
913 663 977 728 hoc
1003 662 1191 728 videbimus:

235 774 386 819 exeamus
408 753 515 837 modo,
538 753 624 836 quod
647 755 684 816 ut
705 751 837 818 meliore
859 753 1005 836 tempore
1028 753 1191 836 possimus,

208 841 316 906 rfucit
336 841 482 907 Adriano
504 842 587 905 mari
609 840 791 922 Dolabella,
822 838 970 905 Ibeteusi
991 837 1101 907 Curio.
1144 838 1190 904 Iu·

216 931 319 994 ,iectu
351 934 460 994 autem
485 929 566 993 mihi
593 949 666 1013 spes
693 929 852 1013 quaedam
883 931 934 993 est
959 929 1042 994 velle
1072 950 1190 994 mecum

236 1016 303 1084 Ser.
326 1016 504 1104 Sulpicium
526 1017 676 1102 colloqui.
719 1016 773 1081 Ad
795 1039 868 1082 eum
890 1018 965 1082 misi
986 1017 1190 1083 Philotimum

235 1107 387 1172 libertum
409 1129 483 1172 cunr
505 1107 636 1172 litteris:
672 1105 700 1170 si
726 1105 777 1170 vir
803 1127 873 1170 esse
898 1107 1000 1191 volet,
1032 1108 1190 1192 praeclare

236 1197 392 1280 συνοδία,
424 1197 476 1260 sin
502 1199 611 1260 autem
634 1231 686 1278 -,
713 1195 831 1258 erimus
858 1215 933 1279 nos,
964 1195 1022 1280 qui
1049 1197 1188 1261 solemus.

209 1282 334 1350 ³Curio
361 1305 487 1349 mecum
514 1284 594 1349 vixit
619 1284 722 1348 iacere
752 1280 923 1348 Caesarem
948 1287 1071 1368 putans
1098 1285 1188 1350 offen·

237 1373 328 1437 sione
358 1372 508 1457 populari
539 1370 729 1457 Siciliaeque
764 1371 928 1456 diffidens,
964 1373 992 1437 si
1023 1372 1187 1458 Pompeius

236 1462 390 1547 navigare
413 1462 579 1545 coepisset
625 1459 782 1537 Quintum
808 1481 945 1544 puerum
972 1463 1082 1548 occepi
1102 1461 1188 1527 vehe-

236 1555 373 1614 menter:
397 1551 566 1614 evuritiam
590 1548 683 1614 video
705 1549 806 1614 fuisse
820 1553 854 1614 et
875 1569 966 1633 spem
989 1551 1100 1636 magni
1121 1571 1187 1614 con·

236 1637 340 1722 giurii.
384 1636 543 1722 Magnum
564 1637 627 1703 hoc
656 1638 778 1702 melum
801 1640 862 1721 est,
894 1639 951 1702 sed
978 1639 1082 1704 scelus
1106 1637 1186 1718 illud,

237 1726 324 1809 quod
345 1727 569 1810 timueramus,
596 1747 689 1809 spero
712 1727 838 1791 nullum
859 1725 973 1809 fuisse,
1004 1727 1068 1792 hoc
1090 1731 1186 1792 cutem

237 1814 352 1878 vitium
374 1817 454 1898 puto
476 1818 509 1879 te
523 1815 706 1878 existimare
728 1835 796 1878 uon
808 1835 829 1878 c
850 1818 964 1879 nostre
986 1815 1185 1902 indulgentie,

238 1901 294 1968 sed
308 1925 328 1966 u
341 1905 459 1967 nutura
479 1904 673 1987 profectum3
696 1923 792 1986 quem
812 1906 924 1967 tamen
946 1925 1008 1969 uos
1029 1903 1184 1989 discipline

237 2011 395 2076 regemus.
431 1991 480 2057 De
503 1990 616 2078 Oppiis
638 1989 844 2057 Veliensibus
867 1992 943 2075 quid
966 1993 1103 2076 placeat,
1122 2013 1183 2057 cum
1234 2003 1235 2014 ¹

236 2079 411 2145 Philotimo
434 2080 566 2145 videbis.
596 2079 732 2165 Epirum
754 2083 900 2144 nostram
922 2081 1118 2166 putabimus,
1138 2079 1182 2145 sed

238 2169 319 2236 alios
342 2190 454 2235 cursus
476 2168 664 2235 videbamur
686 2167 838 2234 habituri.

671 2357 764 2428 vm

298 2481 356 2540 Sor.
374 2483 405 2540 in
422 2484 547 2540 Comum
566 2500 591 2539 s
610 2483 637 2538 d,
655 2482 704 2538 VI.
722 2482 819 2540 Nonus
836 2483 927 2538 Μαίη
945 2499 971 2538 s.
989 2502 1018 2539 u.
1036 2501 1061 2540 o.
1081 2489 1136 2541 ¹1⁰5.

527 2588 656 2644 CICERO
675 2587 810 2644 ATTICO
829 2588 905 2644 SAL.

211 2711 224 2754 ι
304 2694 350 2761 Ilt
380 2718 432 2762 res
457 2699 530 2783 ipsa
556 2698 710 2763 monebat
736 2700 769 2762 et
794 2701 832 2762 tu
860 2698 1047 2764 ostenderas
1075 2703 1108 2764 et
1133 2717 1179 2783 ego

238 2785 387 2851 videbam
419 2784 458 2852 de
489 2787 530 2851 iis
556 2787 666 2873 rebus,
698 2806 779 2871 quas
804 2787 954 2870 intercipi
981 2787 1180 2872 periculosum

239 2880 336 2960 esset,
366 2873 464 2938 finem
490 2875 663 2941 internos
692 2874 853 2939 scribendi
874 2875 943 2939 fieri
965 2878 1093 2960 tempus
1114 2895 1180 2954 essu
1231 2941 1232 2956 ,

239 2965 308 3050 sed,
339 2984 439 3049 quum
466 2962 507 3027 ad
534 2986 585 3028 me
608 2985 704 3048 saepe
727 2984 799 3028 mec
821 2962 928 3028 Tullia
950 2965 1072 3030 scribet
1094 2983 1180 3043 orsus,

238 3057 284 3137 ut,
307 3052 384 3138 quid
406 3053 442 3116 in
458 3051 620 3136 Hispania
642 3054 781 3137 geratur,
804 3055 994 3136 exspectem,
1018 3057 1052 3118 et
1075 3071 1180 3136 semper

240 3142 380 3206 ascribet
401 3141 487 3205 idem
516 3140 618 3205 videri
644 3140 705 3204 tibi
731 3140 828 3224 idque
854 3141 924 3224 ipse
942 3140 1050 3206 etium
1073 3163 1111 3206 ex
1130 3139 1180 3204 tuis

238 3229 356 3294 litteris
378 3229 604 3313 intellexerim,
633 3249 702 3294 non
722 3232 803 3314 puto
827 3249 896 3294 csse
919 3229 1062 3296 alienum
1084 3251 1131 3296 me
1150 3225 1180 3292 cd

310 3455 362 3526 Ep.
382 3460 411 3523 l,
431 3463 455 3510 1.
487 3457 519 3510 in
537 3457 595 3511 acic
612 3472 653 3510 me
669 3455 747 3526 (W).
777 3473 819 3513 me
836 3459 868 3511 in
885 3473 912 3512 o.
931 3457 970 3526 (l,
988 3455 1048 3527 ΒΜ
1080 3457 1135 3514 Om.
1150 3467 1180 3508 me

240 3523 333 3592 vulgo.
360 3553 396 3568 --
422 3527 575 3593 obtulisset.
600 3526 675 3593 (W.).
701 3542 723 3581 s.
743 3525 899 3599 [oppidulo]
917 3529 939 3596 f.
958 3528 989 3585 B.
1014 3545 1048 3584 cx
1066 3547 1093 3602 p.
1110 3525 1180 3584 dubis

240 3593 270 3646 ot
286 3592 331 3646 W.
351 3593 422 3662 conj.
459 3601 483 3649 3.
502 3613 584 3664 quam
602 3602 693 3651 tamen
709 3613 759 3652 uos
778 3597 883 3667 (Eruli
