2522 3960
207 227 463 286 asrsrousauu
480 229 530 286 sn
547 229 713 286 urricus
731 232 790 289 vu.
810 239 834 288 a
868 201 870 208 ’
930 232 995 297 229

69 373 96 436 in
124 374 251 457 periculo
291 396 362 440 rem
397 396 475 442 esse.
529 373 597 442 Vos
633 377 755 444 seilicet
792 379 899 464 plura,
940 379 996 463 qui

68 461 187 526 narba
221 461 311 545 estis3
347 467 569 554 verumtamen
604 485 656 548 epo
685 466 748 532 hoo
779 467 886 552 video,
922 489 995 532 cum

67 549 173 616 homine
194 551 405 617 audacissimo
433 553 700 639 paratissimoque
727 555 896 640 negotium
918 577 996 642 esse,

68 658 157 704 onnes
176 639 358 724 damnatos,
381 661 492 706 omnes
514 641 694 727 ignominia
708 642 861 728 affectos,
883 666 996 712 omnes

67 726 246 793 damnatione
255 727 498 813 ignominiaque
512 729 628 815 dignos
641 730 731 796 illino
743 731 858 817 facere,
867 754 995 798 omnem

64 815 115 879 iere
133 815 339 901 iuventutem,
362 838 490 884 ornnem
503 818 593 883 illam
606 818 765 884 urbanam
779 841 816 885 ao
837 820 996 904 perditam

62 903 518 989 plebem,t1ibunos'valentes
541 906 650 972 addito
674 904 708 973 Ο.
731 905 853 994 Oassio,
875 928 996 993 omnes,
1035 983 1038 988 ¹

61 993 103 1074 qui
130 1014 199 1057 aere
232 993 337 1059 alieno
369 998 572 1079 premuntur,
603 1017 684 1079 quos
715 997 823 1082 plures
852 1018 921 1062 esse
947 997 996 1061 in·

61 1081 161 1166 teliigo,
183 1103 281 1166 quam
303 1086 453 1166 putaram
474 1119 519 1130 -
541 1105 671 1148 causam
694 1085 799 1150 solum
821 1086 878 1151 illa
900 1106 997 1150 causa

60 1191 113 1234 non
139 1170 250 1254 habet,
282 1170 396 1236 ceteris
426 1172 522 1237 rebus
554 1172 699 1238 abundat
720 1208 773 1258 -,
803 1173 857 1239 hic
889 1175 998 1240 omnia

59 1257 147 1323 facere
168 1279 294 1344 omnes,
323 1279 365 1324 ne
388 1260 485 1326 arms
508 1261 711 1346 decernatur,
734 1283 870 1346 quorum
893 1263 996 1328 exitus

60 1367 167 1431 semper
186 1347 312 1432 incerti,
332 1369 421 1434 nunc
444 1369 519 1415 vero
536 1350 634 1414 etiam
656 1350 691 1415 in
714 1350 849 1416 alteram
870 1354 996 1436 partem

59 1435 146 1520 magis
158 1436 302 1501 timendi.
329 1435 464 1503 Bibulus
479 1437 518 1503 de
533 1438 700 1523 provincia
713 1439 858 1524 decessit,
879 1437 997 1505 Veien-

58 1527 151 1590 tonem
171 1524 341 1610 praefecit3
371 1526 407 1590 in
429 1525 610 1592 decedendo
634 1527 709 1610 erit,
739 1529 776 1592 ut
798 1527 906 1611 audio,
932 1531 996 1592 tar-

59 1611 126 1677 dior:
155 1635 250 1697 quem
283 1635 383 1696 quum
409 1615 537 1680 ornavit
564 1613 658 1699 Cato,
691 1615 865 1681 declaravit
891 1615 930 1681 iis
962 1638 996 1680 se

59 1701 121 1764 solis
145 1721 211 1767 non
241 1701 397 1786 invidere,
428 1704 544 1787 quibus
571 1703 654 1768 nihil
680 1707 833 1770 autnon
859 1705 995 1770 multum

60 1789 91 1852 ad
110 1788 298 1875 dignitatem
319 1794 429 1874 posset
451 1791 608 1858 accedere.
635 1791 732 1857 Nunc
754 1829 797 1841 -
820 1792 887 1858 fere
910 1794 1022 1859 enims

58 1878 191 1962 respondi
214 1879 279 1944 tuis
301 1878 418 1944 litteris
441 1879 480 1946 de
502 1902 536 1946 re
559 1881 702 1965 publiea,
724 1885 757 1946 et
778 1882 832 1965 iis,
859 1903 939 1965 quas
961 1884 996 1947 in

59 1965 236 2051 suburbano,
260 1970 293 2033 et
314 1965 363 2052 iis,
385 1989 465 2051 quas
488 1971 601 2053 postea
624 1969 781 2054 scripsisti
804 2007 846 2018 -
869 1970 911 2034 ad
932 1972 996 2055 pri·

58 2057 120 2119 rata
139 2056 242 2122 senio.
276 2052 387 2121 Unum
410 2056 517 2139 etiam,
539 2057 579 2122 de
602 2055 723 2123 Caelio:
745 2060 875 2123 tantum
897 2057 997 2140 abest,

58 2145 87 2206 ut
105 2166 205 2209 meam
218 2144 273 2208 ille
292 2143 486 2210 sententiam
508 2150 645 2231 moveat,
667 2149 705 2210 ut
726 2146 819 2210 valde
842 2165 902 2232 ego
925 2143 996 2230 ipsi,

59 2232 130 2312 quod
141 2233 179 2297 de
193 2253 253 2297 sua
267 2234 429 2312 sententia
441 2233 621 2318 decesserit,
633 2233 864 2318 poenitendum
877 2236 996 2317 putem.

59 2316 109 2384 Sed
128 2320 203 2405 quid
222 2324 281 2403 est,
303 2321 389 2406 quod
412 2321 517 2387 civici
531 2321 659 2388 Lucceii
682 2321 749 2386 sint
771 2321 911 2387 addicti?
933 2322 997 2388 hoc

58 2410 83 2470 te
101 2409 350 2492 praetermisisse
372 2410 480 2476 miror.
508 2409 558 2476 De
571 2409 747 2476 Philotimo
769 2410 888 2476 faciam
910 2411 1021 2495 equi-²

58 2495 125 2582 dem,
145 2501 181 2563 ut
203 2518 332 2581 mones;
361 2499 416 2563 sed
439 2517 500 2583 ego
523 2498 603 2564 mihi
625 2498 666 2563 ab
689 2498 745 2564 illo
768 2500 831 2565 hoc
852 2503 997 2585 tempore

57 2604 113 2648 non
132 2586 274 2652 rationes
298 2587 535 2671 exspectabam,
562 2605 641 2670 quas
664 2587 725 2652 tibi
748 2587 860 2673 edidit,
886 2609 997 2653 verum

57 2671 83 2737 id
101 2675 268 2758 reliquum,
291 2674 376 2758 quod
398 2675 467 2759 ipse
489 2675 526 2740 in
544 2674 726 2741 Tusculano
749 2698 800 2741 me
823 2675 941 2741 referre
962 2677 997 2741 in

58 2762 308 2828 commentarium
330 2783 402 2828 mea
424 2783 522 2828 manu
545 2763 662 2848 voluit,
684 2764 834 2850 quodque
854 2764 940 2829 idem
962 2766 998 2830 in

58 2847 124 2915 Asia
146 2851 227 2916 mihi
255 2871 313 2916 sua
343 2872 442 2916 manu
469 2851 624 2936 scriptum
650 2851 750 2918 dedit:
785 2852 819 2918 id
851 2852 879 2917 si
907 2873 998 2936 prae·

58 2941 155 3023 staret,
186 2943 344 3023 quantum
370 2939 451 3004 mihi
478 2939 560 3005 aeris
587 2940 684 3005 alieni
711 2962 780 3006 esse
806 2940 868 3005 tibi
890 2939 998 3024 edidit,

114 3149 162 3220 Ep.
182 3156 212 3219 ³,
231 3155 256 3205 t.
287 3153 470 3205 ammianus
488 3165 534 3220 eqo
556 3150 605 3205 hoc
628 3151 704 3220 (W.).
735 3167 760 3205 c.
779 3149 828 3204 hcc
849 3148 897 3204 vul
919 3164 943 3202 o.
963 3177 996 3189 -

57 3215 194 3276 madeo
213 3217 268 3288 (Oa
280 3220 327 3275 hcc
339 3237 363 3275 a.
383 3220 466 3290 Mn?
485 3251 518 3260 —
537 3221 616 3276 ritino
634 3219 727 3290 (Corn,
741 3220 805 3289 W.).
824 3220 890 3275 ittae
937 3218 996 3287 aL,

57 3286 121 3356 On,
133 3289 163 3346 B.
181 3292 242 3346 silio
255 3307 278 3346 c.
292 3306 321 3344 o:
336 3289 366 3346 C.
380 3320 416 3330 —
434 3290 463 3347 0.
480 3290 574 3346 Occasio
588 3292 701 3361 (vulgo).
721 3290 816 3345 Ocaao
827 3289 921 3359 (Cora,
935 3290 998 3360 B.)?

58 3357 82 3426 9.
99 3359 124 3416 O.
143 3361 258 3431 (comit
276 3391 311 3401 -
335 3362 423 3443 Μαρία
440 3366 506 3417 caat
524 3363 638 3416 timendi
655 3361 696 3430 (Β.
715 3360 817 3430 00¹1d·)?
863 3367 887 3414 θ.
912 3358 997 3415 Nmsc

57 3457 85 3469 -
99 3431 149 3498 sere
173 3431 307 3502 (Madvig.
325 3447 407 3500 com,
430 3431 495 3501 W.).
527 3431 565 3488 N.
586 3431 675 3502 [venio
693 3433 731 3487 ad
744 3430 870 3502 priuato]
889 3459 925 3471 —-
942 3431 998 3498 fere

57 3496 82 3552 Β.
98 3534 126 3544 -
145 3504 238 3570 amm,
260 3503 294 3558 dc
312 3501 404 3558 Ooeiie
423 3502 508 3572 (W.)?
539 3519 561 3558 e.
584 3503 617 3558 dc
635 3501 664 3557 0.
682 3501 777 3570 vulgo.
828 3507 852 3556 ⁷.
883 3501 932 3556 aiio
949 3502 998 3556 tec

58 3572 156 3642 terpora
171 3588 229 3630 Μ
247 3571 316 3644 (Zb,
333 3572 353 3628 1.
371 3589 400 3628 o:
419 3571 467 3641 Zl,
486 3573 528 3642 1.).
546 3571 607 3628 Om.
625 3573 651 3628 t.
670 3577 688 3627 t.
707 3571 801 3642 Mar,
820 3571 897 3641 011.¹
916 3570 948 3627 B.
