2594 3976
225 236 484 293 EPISTOLARUM
500 237 550 292 AD
568 236 734 294 ATTIGUM
751 237 825 292 XIII.
843 245 957 294 44-46.
999 239 1063 304 501

102 383 275 449 Romame
299 403 368 448 esse
390 386 577 466 venturum3
600 383 636 447 in
659 403 723 466 qua
745 385 888 447 extrema
909 383 1065 468 scriptum

103 475 190 555 erat,
219 474 256 535 ut
278 471 319 536 ad
341 470 434 536 ludos
457 471 567 536 omnia
588 475 718 556 pararet
739 491 820 536 neve
842 471 1065 557 committeret,
1196 483 1201 493 '

102 563 143 624 ut
165 558 290 624 frustra
311 560 380 644 ipsa
406 564 619 644 properasset.
654 557 791 626 Prorsus
813 580 852 624 ex
873 559 925 625 his
947 561 1065 626 litteris

102 669 175 714 non
202 647 372 715 videbatur
397 669 468 714 csse
496 647 642 732 dubium,
673 648 752 732 quin
779 650 854 712 ante
882 669 953 712 eam
980 648 1065 713 diem

103 740 263 803 venturus
286 740 379 821 esset,
401 736 542 822 itemque
556 735 670 821 Balbo,
688 757 787 820 quum
801 757 872 800 eam
895 736 1065 820 epistolam

103 826 253 912 legisset,
279 825 381 891 rideri
403 824 516 889 Lamia
538 824 673 890 dicebat.
708 824 787 888 Dies
809 824 963 888 feriarum
984 823 1065 888 mihi

104 913 236 979 additos
257 914 364 998 video,
388 913 456 998 sed,
479 933 576 997 quam
598 914 732 996 multos,
753 913 819 996 fao,
842 913 870 977 si
891 933 943 977 me
966 933 1065 996 amas,

105 1003 223 1067 sciam:
246 1002 285 1067 de
298 1001 420 1068 Baebio
443 1002 566 1086 poteris
587 1005 622 1066 et
642 1002 682 1066 de
705 1002 807 1066 altero
830 1001 935 1066 vicimo
954 999 1065 1086 Egna—
1114 995 1116 1000 ’

104 1091 163 1156 tio.
209 1089 301 1167 Quod
324 1111 375 1155 me
397 1090 551 1174 hortaris,
581 1093 620 1154 ut
646 1111 702 1154 sos
730 1089 798 1154 dies
820 1109 1006 1153 consumam
1030 1089 1092 1152 ins

105 1179 314 1264 philosophia
337 1178 539 1264 explicanda,
569 1179 750 1244 currentem
775 1182 813 1242 tu
836 1177 977 1262 quidem,
1009 1177 1065 1242 sed

106 1289 183 1332 cum
213 1267 383 1333 Dolabella
413 1267 586 1332 rixandum
620 1287 689 1332 esse
720 1266 792 1331 istis
824 1263 936 1330 diebus
967 1265 1065 1330 vides.

106 1355 202 1432 Quod
233 1355 297 1419 uisi
327 1377 379 1420 me
406 1355 562 1439 Torquati
594 1377 692 1420 causa
716 1357 857 1438 teneret,
889 1354 968 1418 satis
996 1365 1066 1418 erat

106 1445 241 1528 dierum,
263 1447 301 1508 ut
312 1442 466 1510 Puteolos
480 1465 645 1509 excurrere
667 1463 796 1527 possem
818 1446 852 1506 et
874 1442 915 1507 ad
936 1446 1065 1526 tempus

105 1533 220 1597 redire.
255 1530 368 1598 Lamia
390 1531 519 1616 quidem
541 1553 563 1597 a
583 1531 696 1615 Balbo,
717 1535 757 1596 ut
777 1531 954 1616 videbatur,
976 1529 1092 1595 audi-e

106 1624 200 1685 verat
222 1621 341 1686 multos
362 1641 513 1686 nummos
542 1621 629 1686 domi
657 1641 725 1685 esse
752 1623 952 1702 numeratos,
985 1639 1065 1704 quos

107 1712 273 1794 oporteret
304 1731 401 1793 quam
432 1709 571 1794 primum
603 1708 715 1792 dividi,
751 1729 906 1794 magnum
937 1707 1066 1793 pondus

107 1798 250 1883 argenti3
283 1799 465 1863 auctionem
491 1801 619 1882 praeter
645 1797 777 1881 praedia
803 1797 907 1881 primo
938 1818 1065 1881 quoque

106 1891 253 1971 tempore
275 1886 345 1951 ficri
368 1889 525 1970 oportere.
568 1884 695 1953 Scribas
718 1885 760 1950 ed
782 1905 833 1950 me
855 1884 965 1968 velim,
988 1884 1065 1968 quid

105 1975 170 2040 tibi
191 1975 327 2059 placeat.
364 1974 532 2058 Equidem,
555 1974 582 2038 si
605 1995 644 2038 ex
666 1973 815 2038 omnibus
838 1976 923 2037 esset
946 1973 1064 2057 eligan-

108 2064 196 2148 dum,
217 2083 277 2128 nec
300 2061 537 2148 diligentiorem
549 2081 610 2126 nec
624 2061 849 2126 officiosiorem
867 2081 927 2124 nec
942 2060 1066 2124 meher-

108 2152 180 2216 cule
202 2151 306 2217 nostri
329 2149 553 2216 studiosiorem
575 2147 670 2213 facile
693 2148 882 2233 delegissem
904 2147 1066 2232 Vestorio,

108 2240 151 2305 ad
175 2261 270 2323 quem
293 2238 549 2305 accuratissimos
564 2237 696 2302 litteras
712 2237 794 2320 dedi,
817 2235 902 2320 quod
924 2236 1010 2301 idem
1031 2239 1065 2300 te

108 2328 224 2393 fecisse
247 2328 398 2394 arbitror:
427 2326 508 2392 mihi
531 2326 659 2410 quidem
681 2325 743 2391 hoo
765 2325 845 2389 satis
867 2324 1006 2408 videbar,
1027 2327 1065 2389 tu

109 2414 188 2500 quid
211 2415 312 2481 dicis?
345 2437 448 2481 unum
475 2414 560 2480 enim
586 2414 717 2499 pungit,
743 2435 785 2478 ne
805 2413 1066 2499 vnegligentiores

109 2526 180 2570 esse
202 2504 381 2589 rideamur3
405 2504 596 2588 exspectabo
618 2503 719 2588 igitur
740 2505 814 2568 tuas
836 2502 970 2568 litteras.

530 2697 647 2762 XLVI.

213 2819 270 2876 Sor.
288 2819 318 2874 in
337 2818 497 2874 Tusculano
517 2819 568 2888 (pr.
587 2819 628 2873 Id.
648 2817 723 2873 Sext.
731 2821 755 2888 l)
774 2834 798 2873 a.
817 2835 844 2874 o.
864 2834 888 2874 o.
908 2799 967 2872 tob.

382 2922 530 2979 01οΕΕο
548 2922 699 2980 mmo
716 2922 800 2978 SAL.

175 3031 287 3097 Pollex
310 3032 451 3117 quidem,
478 3035 516 3098 ut
538 3032 662 3096 dixerat
689 3031 730 3096 ad
753 3030 829 3098 Idus
853 3029 997 3114 Sextiles,
1018 3029 1091 3094 itai

109 3119 189 3186 mihi
217 3119 354 3186 Lanuui
381 3119 483 3206 pridie
510 3119 588 3184 ldus
618 3123 748 3204 praesto
775 3119 851 3202 fuit,
883 3117 939 3184 sed
969 3118 1067 3203 plano

179 3293 232 3364 Ep.
253 3299 340 3364 tt,1.
383 3295 388 3308 '
514 3294 550 3348 B.
570 3293 666 3364 (vlb.)?
703 3299 728 3348 ³.
756 3293 827 3362 offic.
845 3309 944 3348 amm.
963 3309 990 3348 a.
1009 3296 1066 3348 stre

108 3365 289 3432 dioeiorauf.
319 3365 373 3434 (W.
393 3366 423 3420 et
482 3366 536 3419 ota.
555 3381 589 3418 ex
608 3381 630 3420 c.
649 3380 678 3418 o:
702 3362 730 3418 O.
749 3365 831 3418 etex
849 3363 905 3432 Zb,
928 3379 980 3432 ra,
998 3363 1017 3419 1.
1035 3362 1067 3418 in

108 3453 166 3492 cur.
184 3436 228 3501 11,
255 3434 383 3506 quisine
405 3434 491 3490 dubio
508 3435 574 3489 rade.
594 3451 704 3504 quoque
722 3434 901 3502 habuerunt).
939 3432 998 3489 Om.
1017 3449 1067 3488 aee

108 3510 185 3562 ..a
203 3505 317 3560 uara.
353 3505 405 3630 up.
420 3511 463 3574 re,
479 3512 502 3559 1.
521 3506 631 3560 caea
648 3507 686 3560 aa
704 3505 732 3560 1.
751 3504 790 3572 a,
808 3505 850 3560 aa
868 3503 942 3576 (wa.
961 3504 998 3572 a,
1016 3503 1067 3575 [aa

107 3577 136 3632 1.
156 3575 207 3646 s.,]
226 3577 268 3631 eta
286 3575 358 3645 seu,
401 3618 406 3631 .
