2522 3960
180 201 439 258 EPISTOLARUM
456 203 507 258 AD
524 202 689 261 ATTICUM
707 204 741 260 V.
761 211 793 260 lt
804 211 882 262 -18,
951 205 1017 272 175

61 345 141 430 quod
165 346 208 411 ad
237 347 468 412 abstinentiam
486 348 620 433 attinet,
650 353 689 414 ut
714 351 824 418 nullus
850 351 1016 416 teruncius

60 434 238 500 insumatur
259 435 295 500 in
318 457 523 520 quemquam:
545 437 579 501 id
601 437 638 502 fit
660 437 758 504 etiam
778 443 812 504 et
832 439 1015 526 legatorum

61 527 90 585 et
100 523 305 589 tribunorum
320 528 353 588 et
365 524 601 607 praefectorum
616 525 797 611 diligentia;
810 549 887 593 nam
902 549 1014 592 omnes

61 611 186 676 mirifice
200 609 509 695 συμφιλοὸοξοῡσιν
530 614 652 698 gloriae
666 637 765 699 meae,
786 614 890 700 Lepta
902 620 1015 680 noster

61 698 206 764 mimficus
231 703 288 766 est
326 698 389 764 Sed
412 722 498 766 nunc
519 723 674 786 propero:
697 703 895 787 perscribam
917 703 958 768 ad
980 707 1014 768 te

61 788 164 870 paucis
188 787 301 854 diebus
325 788 443 853 omnia.
488 787 659 857 Cicerones
687 795 818 858 nostros
840 791 1040 858 Deiotarus³

61 875 153 960 filius,
184 876 240 960 qui
263 897 321 942 rex
343 877 383 942 ab
408 880 522 943 senatu
545 880 725 965 appellatus
755 883 817 964 est,
849 901 957 946 secum
979 880 1014 944 in

63 983 203 1048 regnum:
229 964 305 1030 dum
327 965 361 1030 in
384 966 516 1031 aestivis
537 988 598 1032 nos
619 989 770 1052 essemus,
791 969 884 1034 illum
905 968 1014 1052 pueris

63 1051 160 1116 locum
192 1074 262 1118 esse
288 1053 504 1119 bellissimum
536 1055 693 1122 duximus.
738 1054 861 1122 Sestius
893 1056 935 1122 ad
961 1072 1041 1121 mes

65 1141 197 1225 scripsit,
233 1162 315 1226 qnae
344 1145 453 1208 mcum
483 1147 568 1208 esset
599 1144 638 1212 de
668 1167 743 1210 mea
774 1145 956 1210 domestice
981 1147 1014 1210 et

64 1229 193 1294 maxims
230 1250 307 1294 cura
341 1231 468 1296 locutus
504 1234 538 1296 et
573 1233 650 1317 quid
685 1233 746 1298 tibi
778 1236 863 1298 esset
893 1233 1012 1298 risum:

65 1317 170 1383 amabo
192 1322 240 1402 te,
270 1316 420 1384 incumbe
447 1319 483 1384 in
509 1341 581 1384 eam
607 1341 676 1386 rem
703 1323 737 1387 et
763 1321 804 1386 ad
826 1343 877 1386 me
901 1321 1013 1406 scribe,

65 1405 132 1488 quid
153 1410 187 1470 et
208 1407 313 1491 possit
335 1410 368 1471 et
389 1410 427 1472 tu
450 1428 589 1472 censeas.
620 1408 710 1474 Idem
731 1409 860 1494 scripsit
871 1407 1039 1474 Horten-⁶

66 1493 139 1558 sium
160 1494 200 1560 de
222 1495 430 1580 proroganda
442 1499 556 1562 nostra
577 1497 744 1580 provincie
764 1497 880 1564 dixisse
902 1498 1012 1563 nescio

67 1581 144 1664 quid:
175 1583 256 1648 mihi
278 1583 314 1648 in
336 1580 482 1649 Cumano
510 1584 754 1670 diligentissime
778 1607 825 1670 se,
852 1589 889 1650 ut
911 1585 1013 1652 annui

67 1690 209 1756 essemus,
240 1671 449 1738 defensurum
479 1677 652 1756 receperat.
697 1671 732 1738 si
758 1675 934 1759 quidquam
960 1695 1012 1738 me

67 1778 153 1843 amas,
172 1759 263 1824 huno
284 1760 392 1826 locum
411 1761 515 1826 muni:
538 1760 601 1826 dici
614 1783 681 1827 non
704 1765 821 1848 potest,
843 1784 940 1848 quam
961 1762 1012 1826 in·

68 1846 141 1911 vitus
154 1870 174 1911 a
187 1848 280 1915 vobis
295 1849 407 1934 absim,
430 1851 463 1913 et
485 1849 581 1916 simul
603 1849 688 1915 banc
711 1851 848 1936 gloriam
870 1851 1011 1916 iustitiae

68 1937 95 1998 et
113 1935 324 2002 abstinentiae
346 1937 416 2006 iore
443 1938 651 2020 illustriorem
673 1961 781 2025 spero,
813 1939 841 2006 si
867 1940 930 2004 cito
959 1938 1012 2004 de·

70 2025 256 2110 cesserimus,
286 2025 320 2090 id
348 2025 435 2111 quod
457 2023 628 2092 Scaevolae
656 2028 807 2114 contigit,
838 2028 892 2112 qui
924 2028 1011 2093 solos

69 2129 170 2178 novem
192 2134 319 2178 menses
332 2112 431 2180 Asiae
453 2115 601 2198 praefuit.
628 2115 755 2200 Appius
768 2120 888 2200 noster,
911 2131 1038 2198 quumo

70 2219 111 2262 me
131 2201 304 2266 adventare
325 2203 461 2287 videret,
487 2204 651 2288 profectus
679 2208 729 2268 est
751 2203 887 2268 Tarsum
910 2223 1011 2286 usque

70 2283 225 2376 Laodicea3
259 2289 305 2355 ibi
326 2290 435 2356 forum
461 2292 542 2377 agit,
574 2314 673 2377 quum
701 2312 761 2377 ego
789 2292 850 2355 sim
876 2291 912 2356 in
938 2312 1011 2374 pro·

70 2375 174 2462 vincia,
203 2400 302 2463 quam
328 2380 396 2446 eius
423 2379 574 2444 iniuriam
600 2401 669 2444 non
695 2380 837 2446 insector
866 2380 1011 2446 -satis

71 2465 144 2530 euim
167 2467 272 2534 habeo
298 2467 423 2553 negotii
448 2468 484 2533 in
513 2468 666 2533 sanandis
697 2468 898 2554 vulneribus,
929 2489 1012 2553 quae

73 2555 297 2640 suatimposite
318 2556 512 2642 provinciae,
534 2557 620 2641 quod
634 2557 675 2622 do
690 2579 822 2640 operam
834 2560 872 2623 ut
892 2557 1012 2622 faciam

74 2660 154 2722 quem
180 2645 316 2710 minima
347 2666 421 2710 oum
447 2645 533 2711 illins
561 2645 756 2711 contumelia
784 2681 835 2731 —,
866 2646 923 2712 sed
948 2645 1011 2711 hoo

74 2723 158 2796 Bruto
180 2735 292 2799 nostro
320 2732 417 2798 velim
444 2733 544 2818 dieas,
570 2733 661 2798 illum
684 2733 798 2800 fecisse
823 2755 892 2800 non
918 2734 1011 2819 belle,

75 2817 118 2898 qui
137 2820 273 2888 adventu
300 2843 387 2905 meo,
418 2843 515 2906 quam
542 2821 729 2907 longissime
760 2823 917 2908 potuerit,
948 2821 1011 2888 dis·

74 2910 194 2974 cesserit.

474 3033 597 3100 XVIII.

74 3143 119 3204 tor.
135 3151 163 3208 in
184 3153 284 3210 eastris
307 3153 343 3210 ed
367 3152 498 3224 Cybistra
516 3153 709 3282 Cpppedociae
727 3153 775 3208 XI.
794 3151 856 3209 Kal.
876 3149 1011 3209 Octobres

408 3241 433 3279 a.
451 3243 479 3280 u.
498 3241 521 3280 c.
595 3267 602 3280 .

345 3329 476 3387 CICERO
495 3329 628 3388 ATTICO
647 3331 723 3387 SAL.

127 3435 224 3515 Quam
246 3438 363 3506 vellem
384 3439 508 3506 Romae
531 3461 626 3523 esses,
648 3440 676 3504 si
697 3437 782 3504 forte
804 3458 872 3503 non
895 3439 943 3502 es!
967 3452 1037 3494 -ι

75 3521 139 3591 nibil
160 3529 245 3594 enim
268 3529 348 3594 certi
369 3526 568 3594 habebamus
585 3528 649 3593 nisi
673 3527 831 3614 accepisse
853 3547 914 3592 nos
936 3530 1011 3592 tuas
