2582 3980
250 251 315 316 650
534 250 570 304 M.
590 249 713 304 TULLII
731 247 925 305 CICERONIS

248 396 400 462 Rhodum
432 395 581 478 aeeeseit,
612 393 739 459 videtur
769 394 849 458 mihi
880 394 994 459 Asiam
1025 397 1205 480 reliquisse:

248 483 281 548 id
305 484 333 547 si
355 483 401 547 ita
424 486 486 567 eet,
517 483 589 548 istie
617 483 676 547 tibi
705 503 821 548 censeo
844 485 1122 568 commorandum
1155 487 1204 550 eiu

249 587 319 637 eam
343 572 440 636 semel
464 572 557 656 cepit,
579 571 658 640 mihi
682 571 783 654 erede,
805 591 872 635 non
896 572 965 654 erit,
987 576 1022 636 at
1044 573 1080 636 in
1094 572 1204 637 Asiam

248 678 364 725 censeo
386 657 655 744 persequendum:
690 659 772 723 nihil
800 659 880 722 mihi
902 659 1019 724 rideris
1042 661 1105 725 hoe
1128 664 1206 726 tem-

220 768 326 834 rpore
358 747 472 812 melius
504 751 642 812 acturae.
688 745 780 822 Quod
812 765 906 832 egere
934 752 967 812 te
995 747 1120 813 duabus
1152 769 1205 813 ne

249 836 395 901 cessariia
409 835 504 900 rebus
525 835 647 917 saribie,
671 836 894 919 supplemento
909 840 942 899 et
955 837 1100 920 pecunia,
1124 837 1203 901 diffi-

248 926 307 990 cile
330 924 499 990 eonsilium
522 926 587 988 esti
610 923 786 988 nonenim
808 923 887 988 mihi
911 929 1083 989 occurrunt
1105 925 1205 990 laecul-

247 1016 341 1097 tatee,
363 1011 479 1096 quibus
492 1012 540 1076 uti
554 1015 586 1076 te
609 1033 704 1097 posse
718 1011 852 1095 videam,
874 1016 1001 1095 praeter
1018 1013 1102 1096 illae,
1126 1035 1205 1097 ques

248 1104 378 1166 senatus
401 1101 553 1182 decrerit,
585 1103 621 1164 ut
650 1100 803 1184 pecunias
827 1123 845 1164 a
868 1100 1052 1165 eivitatibus
1076 1106 1204 1166 mutuas

248 1210 402 1270 sumerem
439 1188 477 1253 de
510 1189 732 1272 supplemento
765 1192 873 1252 autem
904 1209 971 1253 non
1004 1189 1095 1254 video
1130 1191 1205 1274 qnid

247 1277 316 1342 fieri
339 1277 456 1361 possit,
477 1280 605 1340 tantum
628 1277 714 1340 enim
737 1276 844 1361 abest,
868 1279 904 1340 ut
926 1275 1032 1342 Pansa
1056 1277 1095 1341 de
1119 1299 1204 1342 exer-

248 1367 313 1430 eitu
337 1387 394 1430 suo
419 1368 475 1429 aut
498 1364 621 1429 delectu
651 1364 712 1429 tibi
734 1364 855 1448 aliquid
877 1364 1014 1448 tribuat,
1043 1369 1080 1430 ut
1108 1367 1204 1430 etiam

247 1455 381 1519 moleste
403 1453 488 1518 feret
509 1457 576 1518 tam
600 1454 718 1517 multos
734 1453 776 1516 ad
788 1456 821 1516 te
834 1451 881 1517 ire
895 1453 1105 1538 voluntarioa,
1129 1476 1204 1538 quo-

246 1542 343 1607 modo
367 1541 514 1625 equidem
536 1540 640 1624 credo,
663 1541 748 1625 quod
770 1541 810 1605 iia
832 1541 937 1624 rebus,
959 1563 1041 1624 quae
1060 1543 1095 1605 in
1109 1541 1204 1606 Italia

247 1630 472 1714 decernuntur,
493 1630 599 1694 nullae
622 1629 731 1715 copias
753 1629 850 1695 nimis
871 1649 1008 1714 magnas
1029 1651 1097 1695 esse
1123 1631 1201 1695 arbi-

247 1721 362 1800 tretur,
386 1717 546 1801 quomodo
570 1720 677 1783 autem
700 1717 795 1781 multi
817 1717 1037 1802 suspicantur,
1059 1720 1143 1800 quod
1163 1741 1203 1783 ne

247 1809 279 1870 te
302 1805 431 1889 quidem
453 1805 549 1870 nimis
577 1805 706 1869 firmum
729 1826 797 1870 esee
820 1806 910 1887 velit,
943 1806 1028 1890 quod
1052 1827 1114 1892 ego
1137 1829 1204 1873 non

220 1893 402 1978 esnspieor.
446 1892 538 1969 Quod
562 1894 675 1958 scribis
697 1897 729 1957 te
751 1893 792 1957 ad
816 1893 958 1958 Tertiam
981 1915 1126 1959 sororem
1148 1896 1203 1936 *⁸

247 1983 420 2067 scripsisse,
433 1985 471 2047 ut
484 2003 525 2046 ne
543 1982 632 2065 prius
646 1981 777 2046 ederent
790 2003 837 2065 ea,
856 2003 937 2066 quae
951 1986 1043 2066 gesta
1058 2005 1077 2048 a
1091 1981 1202 2049 Cassio

247 2075 366 2154 essent,
398 2092 494 2155 quam
522 2069 601 2134 mihi
627 2070 732 2134 visum
759 2074 856 2153 esset,
887 2071 980 2136 video
1009 2074 1042 2135 te
1065 2073 1202 2136 veritum

246 2179 316 2224 esse
339 2157 381 2241 id,
403 2159 489 2242 quod
502 2157 676 2223 verendum
698 2157 770 2242 fuit,
793 2179 834 2221 ne
848 2158 948 2222 animi
970 2161 1112 2243 partium
1127 2157 1202 2225 an-

247 2248 341 2331 aaris,
363 2247 523 2330 quomodo
547 2247 644 2310 etiam
666 2266 753 2310 nune
769 2249 884 2330 'partes
908 2248 1129 2332 appellantur,
1153 2267 1201 2312 re·

245 2335 412 2400 hementer
435 2337 724 2416 commoverentur3
756 2334 827 2416 sed,
859 2337 1032 2418 antequam
1055 2339 1129 2399 tuas
1152 2337 1202 2401 lit·
1276 2375 1277 2380 κ

245 2427 332 2488 terea
354 2423 548 2507 accepimus,
578 2422 687 2487 audita
710 2443 760 2486 res
784 2425 853 2486 erat
875 2427 907 2486 et
929 2424 1133 2508 pervulgata,
1154 2426 1202 2489 tui

246 2513 344 2577 etiam
369 2511 528 2576 tabellarii
556 2511 596 2575 ad
627 2511 747 2575 multos
773 2510 948 2575 familiares
976 2515 1049 2576 tuos
1078 2512 1202 2576 litteras

246 2601 436 2664 attulerant:
459 2619 557 2682 quare
571 2619 674 2682 neque
696 2598 924 2682 supprimenda
937 2620 988 2663 res
1010 2603 1090 2683 erat,
1112 2623 1203 2685 prae-
1275 2607 1276 2616 ’

246 2687 355 2752 sertim
378 2707 477 2770 quum
499 2687 532 2750 id
553 2687 623 2751 fieri
646 2707 714 2752 non
736 2689 858 2771 posset,
888 2707 1002 2770 neque,
1034 2688 1061 2752 ai
1084 2693 1204 2772 posset,

236 2797 313 2842 non
336 2773 565 2859 divulgandam
588 2775 807 2859 potiusquam
828 2775 1051 2839 occultandam
1075 2780 1204 2861 putare·

219 2881 326 2928 emus.
370 2863 420 2928 De
442 2860 595 2928 Oieerune
622 2885 708 2946 meo,
740 2866 784 2946 et,
816 2862 844 2926 si
870 2866 998 2927 tantum
1024 2865 1133 2928 estin
1158 2885 1204 2948 eo,
1274 2913 1275 2924 2

246 2954 403 3035 quantum
431 2950 556 3032 scribis,
587 2953 715 3014 tantum
743 2951 875 3034 seilicet,
906 2953 1065 3035 quantum
1093 2953 1204 3036 debeo,

316 3160 368 3230 Ep.
388 3167 412 3229 4,
432 3167 456 3216 3.
484 3159 569 3226 erede,
587 3175 643 3214 nou
660 3159 713 3214 erit
731 3159 784 3229 (e).
809 3176 855 3226 er„
874 3163 890 3196 *
904 3160 948 3194 ¹⁸*
970 3176 1027 3215 non
1044 3177 1065 3215 e.
1086 3161 1202 3232 (vulga)¹
1273 3225 1274 3234 χ

246 3234 279 3286 ut
301 3231 436 3287 exciderit
457 3231 624 3286 tardandum
647 3231 694 3286 vel
716 3231 899 3286 cunctandum
920 3229 967 3286 vel
985 3229 1076 3287 simile
1094 3231 1202 3302 aliquid
1273 3247 1274 3321 p

246 3303 294 3370 (W
296 3305 330 3370 .)?
351 3332 383 3342 —
402 3303 454 3366 erit
471 3301 511 3370 (Si
532 3318 585 3368 on,
603 3301 660 3368 vl).
680 3302 739 3355 erit.
759 3302 807 3356 Id.
824 3301 916 3370 April.
936 3318 959 3357 e.
978 3303 1023 3370 (ex
1038 3301 1099 3356 eod.
1114 3305 1202 3372 eaor),

245 3371 339 3441 vulgo.
386 3377 412 3427 4.
431 3372 467 3442 [6.
489 3320 534 3452 tl.
569 3372 642 3440 qued
660 3371 735 3440 (ante
753 3388 787 3426 ne
805 3377 829 3426 te
847 3373 962 3441 quedem)
990 3388 1050 3427 ae.
1069 3372 1202 3427 omissum

246 3440 331 3510 vulgo
350 3441 426 3510 typis
444 3457 499 3495 non
517 3441 664 3497 ludicatur.
701 3447 725 3496 t.
745 3441 781 3512 [6.
802 3441 848 3512 2.].
866 3457 983 3520 aororjm
996 3442 1012 3475 *
1026 3443 1043 3476 *
1055 3458 1107 3497 ter.
1127 3443 1177 3512 (W
1178 3445 1201 3509 ,l

243 3521 264 3558 a.
283 3523 304 3560 s.
326 3518 408 3578 vulgo
426 3526 448 3565 a
466 3516 492 3566 et
514 3513 551 3565 ad
572 3519 685 3570 matrem
702 3529 723 3570 s.
741 3517 792 3570 aut
809 3530 831 3571 a.
850 3519 875 3570 et
891 3531 926 3570 m.
944 3529 965 3570 a
985 3513 1060 3584 (Wl.
1081 3541 1116 3554 -
1136 3517 1201 3567 Gae-
1272 3533 1273 3591 p

242 3577 323 3641 wit
341 3581 472 3646 etwmodo
490 3582 603 3651 (vulgo).
624 3583 663 3650 0.,
682 3585 812 3652 quoniam
830 3583 886 3655 (Or.
905 3585 987 3655 conj„
1007 3583 1066 3652 Bp?
