2536 3960
248 195 508 253 EPISTOLARUM
525 197 575 253 AD
594 197 760 255 ATTICUM
778 198 838 256 vn.
860 205 884 256 1.
977 199 1042 264 221

86 339 143 405 illu
170 341 352 406 ultime-
382 343 411 408 si
438 343 524 409 enim
551 343 666 408 uestris
696 365 748 410 res
779 348 922 430 geretur,
952 344 1045 412 rideo

86 450 160 494 eum
184 430 288 495 altero
311 431 398 497 rinei
421 432 522 497 setius
545 453 614 497 esse
636 454 733 516 quem
756 454 829 498 eum
852 435 954 499 aliero
976 434 1046 498 vin·

86 539 156 582 oere
180 555 235 603 -—‚
258 518 313 584 sed
336 520 406 605 ille,
428 541 510 604 quse
532 523 603 586 tum
625 524 776 606 agentur,
798 543 898 607 quum
918 543 1047 608 renero,

85 626 125 670 ne
146 607 235 672 ratio
258 607 401 673 absentis
423 607 595 693 habeatur,
627 614 665 674 ut
693 610 867 676 exereitum
894 609 1047 676 dimittet.

84 693 148 760 D1c
172 695 219 760 M.
234 694 353 761 Tvuu.
397 695 481 773 Quid
504 695 631 762 dicem?
653 697 843 784 ‚Exspeotu
865 700 982 766 nmubo
1004 705 1047 784 te,

85 783 162 848 dum
187 781 335 848 Atticum
357 785 588 850 uonvenian‘
610 807 678 851 non
701 790 751 851 est
772 788 863 852 loeus
885 787 926 852 ud
948 788 1046 874 tergi·

84 872 290 937 versandum.
318 870 440 939 Contra
453 871 645 940 Gaesarem?
667 875 724 940 ubi
737 874 812 940 illae
836 879 913 942 sunt
935 879 1047 940 tensae

85 959 259 1025 dexterae?
290 983 380 1047 nem,
412 965 450 1027 ut
470 962 519 1027 illi
544 962 607 1027 hoe
629 963 754 1048 liceret,
782 963 890 1029 adiuvi
912 968 1047 1051 rogetus

85 1047 125 1112 eb
155 1049 233 1134 ipso
259 1048 435 1116 Ravennae
463 1051 502 1116 de
525 1049 634 1116 (laelio
660 1050 793 1118 tribuno
819 1052 873 1137 pl,
905 1051 946 1116 eb
975 1052 1047 1136 ipso

86 1136 219 1202 autern?
248 1137 346 1204 etism
368 1160 388 1204 n
411 1137 522 1205 Gnaeo
544 1143 657 1204 nostro
680 1139 716 1203 in
737 1140 795 1205 illo
818 1139 927 1206 divino
949 1140 1047 1206 tertio

86 1226 268 1291 consulatu.
295 1225 402 1293 Aliter
422 1249 568 1293 sensero:
592 1225 745 1313 αἰδέομαι
767 1249 836 1294 non
857 1227 1048 1314 Pompeium

86 1314 194 1399 modo,
217 1314 273 1379 sed
299 1316 415 1400 Τρῶας
435 1313 492 1380 καὶ
517 1313 684 1401 Τρωάδας.
710 1315 715 1328 ’

141 1434 374 1524 Πουλυδάμας
395 1462 452 1524 μοι
474 1439 604 1525 πρῶτος
626 1437 793 1524 ἐλεγχείην
814 1433 991 1526 ἀναθήσει.

88 1560 189 1638 Quis?
211 1565 250 1628 tu
271 1563 341 1646 ipse
355 1563 486 1647 seilicet,
506 1563 657 1629 laudetur
678 1568 711 1629 et
732 1564 894 1631 suetorum
916 1567 950 1630 et
971 1565 1048 1631 sori·

89 1655 219 1734 plorum
250 1673 404 1718 meorum.
453 1651 548 1717 Hane
583 1672 662 1738 ergo
693 1653 826 1738 plegem
861 1653 960 1739 effugi
990 1670 1075 1739 pere

90 1739 168 1805 duos
192 1740 375 1824 superiores
397 1739 625 1807 Marcellorum
648 1743 849 1828 consulatus,
876 1764 976 1826 quum
998 1746 1049 1808 est

91 1831 197 1892 uotum
225 1829 264 1893 de
291 1829 458 1913 provincie
480 1827 641 1914 (laesuris,
671 1851 760 1895 nunu
786 1829 895 1895 incido
922 1830 959 1896 iu
986 1830 1048 1895 dis·

92 1917 210 1982 crimen
246 1916 361 2002 ipsum.
406 1917 533 2003 Itaque,
568 1920 607 1983 ui
642 1919 760 1983 stultus
796 1919 920 2004 primus
956 1939 1049 1984 suam

92 2005 284 2070 sententiam
315 2005 415 2090 diost,
446 2007 526 2070 mihi
556 2006 650 2072 uelde
681 2007 789 2092 placet
814 2007 854 2072 de
882 2005 1048 2090 triumpho

91 2113 148 2158 nos
161 2094 270 2159 moliri
290 2093 420 2178 aliquid,
442 2098 533 2160 extre
553 2094 668 2160 urbem
686 2115 754 2160 esse
778 2116 851 2160 eum
872 2094 1049 2160 iustissimo

93 2201 201 2247 eausa:
224 2187 336 2247 temen
349 2183 474 2248 dubunt
488 2204 628 2268 operum,
650 2185 688 2248 ut
700 2183 832 2248 elicient
854 2183 1050 2248 sententium

93 2289 203 2336 meam.
248 2270 381 2337 Ridebis
412 2270 475 2336 hoe
507 2273 579 2337 loeo
614 2272 768 2338 fortasse:
804 2293 903 2355 quem
933 2271 1050 2337 uellem

93 2359 187 2423 etism
209 2359 355 2424 nuncin
380 2360 548 2445 provincie
574 2360 706 2426 morari!
742 2360 839 2444 plene
868 2380 950 2445 opus
976 2359 1050 2445 fuit,

95 2447 120 2510 si
139 2448 202 2514 hou
223 2448 445 2534 impendebat3
474 2449 535 2514 etsi
557 2449 641 2514 nihil
662 2448 825 2533 miserius3
851 2470 942 2536 nam,
964 2443 1050 2514 ὁδοῦ

93 2531 498 2691 {goeuyffirolofittzehoo
512 2538 606 2640 seire:
628 2537 813 2691 {rmnissillrle>
830 2537 952 2691 pruna}
967 2559 1050 2690 queg

95 2646 230 2778 tueariint.
277 2647 381 2790 <iiim
407 2648 550 2780 nuliuselsli
572 2647 1076 2799 iiifliilviiiuislasilueiirtiiioe

96 2799 229 2866 difficilis
257 2802 327 2867 eius
354 2802 506 2869 diuturne
534 2802 710 2868 simulatio!
746 2825 846 2888 quum
874 2803 962 2868 enim
987 2802 1051 2867 hoe

96 2892 212 2953 rectum
240 2893 274 2955 et
301 2891 479 2977 gloriosum
504 2894 666 2977 putarem,
698 2912 737 2956 ex
768 2911 878 2957 annuo
910 2892 1051 2974 sumptu,

97 2977 148 3058 qui
178 2978 257 3042 mihi
290 2979 436 3044 decretus
468 2983 565 3064 esset,
597 3000 649 3045 me
681 2975 716 3044 O.
746 2976 855 3047 caelio
888 2977 1051 3062 quaestori

97 3064 270 3150 relinquere
285 3088 440 3151 annuum,
460 3067 581 3133 referre
593 3067 630 3132 in
644 3067 805 3133 serarium
818 3067 859 3132 ed
872 3064 938 3132 Hs.
951 3065 973 3147 †
987 3082 1050 3151 οπο,

163 3255 213 3327 Ep.
234 3264 258 3326 1,
277 3264 302 3314 4.
320 3273 442 3314 emero:
463 3256 520 3313 atu.
539 3257 614 3329 (W.).
632 3257 676 3316 u?
693 3278 722 3314 α.
739 3259 835 3328 vulgo.
852 3287 889 3300 -
906 3252 1051 3325 ἀναθήσει

98 3322 183 3391 (Hom.
202 3327 232 3382 IL
251 3329 287 3398 X,
306 3335 372 3398 100,
391 3327 447 3384 cie.
465 3328 537 3400 Epp.
557 3330 593 3383 ud
610 3331 671 3385 Ait
689 3330 725 3398 11,
744 3335 769 3400 e,
790 3331 825 3399 1).
861 3331 965 3384 ααταδ.
984 3329 1049 3384 ΜΒ.

99 3392 428 3468 ontveo.1e1.,0n.
478 3408 503 3455 t.
530 3401 602 3456 αὒαῖ
619 3403 665 3474 (β).
692 3400 802 3456 euml
823 3415 847 3454 o.
879 3429 915 3441 -
946 3399 1051 3454 totuis

99 3464 146 3520 lor.
166 3469 301 3537 (Bentiv.).
335 3472 393 3526 tuis
411 3471 428 3527 l.
447 3471 495 3526 vele
511 3471 571 3526 Ml.
603 3473 660 3527 tuis
677 3471 695 3527 l.
713 3472 773 3541 Mn,
827 3470 847 3526 L
881 3473 913 3526 tu
930 3470 948 3526 l.
966 3469 996 3540 1.,
1017 3469 1049 3525 Β.

100 3540 122 3590 δ.
139 3540 158 3605 †
176 3539 237 3596 010
256 3541 332 3612 (W).
352 3541 385 3596 X
402 3542 472 3613 (gli
491 3541 555 3598 010
573 3541 604 3597 Β.
