2484 3974
258 235 322 300 318
539 233 577 289 M.
596 233 719 289 TULLII
737 232 930 289 CICERONIS

257 383 295 444 ut
324 379 360 444 in
386 375 560 445 Formiano
588 378 791 463 potissimum
824 400 1016 463 commorer,
1047 381 1149 446 etiam
1179 381 1213 445 de

258 489 373 551 supero
400 467 496 552 meri,
531 467 552 547 †
575 467 749 552 ploboquc,
780 470 817 532 ut
845 470 941 532 antea
968 468 1010 532 ad
1038 473 1071 532 te
1095 471 1213 554 scripsi,

257 577 435 640 ecquonam
462 554 557 621 modo
585 555 706 640 possim
729 555 895 620 voluntate
923 556 991 621 eius
1020 557 1147 622 nullam
1172 560 1212 622 rei

256 644 404 729 publicae
426 648 552 729 partem
576 643 743 729 attingere.
776 641 869 719 Quod
890 643 1014 728 laudas,
1037 647 1116 729 quia
1140 647 1211 712 obli·

256 732 336 798 visci
357 753 409 798 me
432 732 545 816 scripsi
569 732 754 797 antefacta
781 735 814 796 et
841 732 957 797 delicta
983 735 1091 798 nostri
1114 735 1212 819 amici,

257 841 317 906 ego
340 841 416 886 vero
438 821 486 886 ita
507 820 605 887 facio:
628 821 706 904 quin
730 841 768 884 ea
789 821 870 905 ipso,
892 841 974 904 quae
988 843 1009 885 a
1022 825 1056 886 te
1079 844 1210 888 comme

256 913 424 975 morantur
447 929 538 974 secus
553 908 593 973 ab
615 930 653 974 eo
675 909 711 972 in
733 929 784 972 me
807 910 914 993 ipsum
935 909 1024 974 facta
1046 931 1128 995 esse,
1151 934 1210 976 non

255 997 400 1063 memini:
423 999 516 1062 tanto
539 998 612 1082 plus
626 996 712 1082 apud
732 1018 783 1061 me
796 997 902 1062 valere
916 997 1063 1063 beneficii
1078 1001 1210 1086 gratiam

256 1108 354 1171 quam
375 1085 511 1151 iniuriae
538 1084 682 1151 dolorem
709 1086 792 1151 volo.
837 1084 1006 1151 Faciamus
1033 1087 1150 1173 igitur,
1178 1093 1210 1152 ut

256 1195 380 1259 censes,
403 1174 655 1260 colligamusque
677 1195 752 1239 nos:
784 1171 970 1257 σοφιστεύω
994 1177 1098 1261 enim,
1121 1178 1209 1243 simul

255 1266 293 1328 ut
314 1283 369 1327 rus
393 1262 543 1347 decurro,
558 1266 654 1346 atque
677 1262 713 1327 in
734 1261 871 1328 decursu
884 1261 995 1340 θέσεις
1018 1271 1107 1331 meas
1131 1288 1208 1332 com·

255 1351 394 1415 mentori
415 1372 484 1416 non
506 1351 634 1434 desin03
657 1349 714 1415 sed
732 1354 809 1415 sunt
831 1351 988 1436 quaedam
1010 1375 1123 1420 earum
1146 1377 1207 1441 per·

256 1439 401 1504 difficiles
428 1439 469 1504 ad
498 1438 714 1504 iudicandum.
758 1439 807 1504 De
837 1441 1048 1524 optimatibus
1071 1444 1116 1508 sit
1138 1466 1207 1508 sune

254 1527 314 1612 ita,
337 1529 458 1614 utris,
485 1528 542 1593 sed
563 1527 651 1594 nosti
672 1527 751 1592 illud
776 1523 958 1604 Διονύσιος
980 1527 1017 1594 ἐν
1040 1533 1208 1617 Κορίνθω.

256 1615 369 1680 Titinii
390 1616 475 1681 filius
499 1617 585 1702 apud
599 1614 769 1708 Caesarem
791 1620 848 1681 est.
883 1615 976 1693 Quod
989 1623 1099 1684 autem
1122 1598 1205 1706 quasi

254 1705 357 1769 vereri
379 1704 509 1788 videris,
531 1724 574 1768 ne
595 1704 675 1770 mihi
698 1708 756 1769 tna
778 1706 912 1770 consilia
935 1705 1140 1794 displiceant,
1161 1731 1206 1774 me

254 1812 331 1857 vero
353 1791 436 1857 nihil
465 1793 603 1859 delectat
625 1793 712 1858 aliud
738 1793 802 1858 nisi
830 1795 1000 1860 consilium
1026 1799 1059 1860 et
1086 1797 1204 1864 litterae

254 1885 343 1964 tuae3
370 1903 469 1964 quare
495 1882 561 1965 fao,
589 1884 627 1946 ut
649 1881 805 1947 ostendis:
840 1903 881 1946 ne
905 1882 1064 1950 destiteris
1088 1887 1130 1951 ad
1152 1909 1204 1968 me,

254 1969 409 2054 quidquid
440 1969 500 2035 tibi
530 1970 567 2034 in
598 1973 739 2035 mentem
770 1971 909 2055 venerit,
945 1972 1096 2038 scribere:
1132 1975 1204 2040 mihi

227 2057 337 2124 anihil
358 2061 467 2142 potest
489 2079 558 2123 esso
585 2059 717 2144 gratius.
762 2056 867 2125 Venio
895 2060 935 2123 ad
964 2060 1098 2126 alteram
1126 2085 1203 2128 nunc

254 2147 433 2231 epistolam.
477 2145 577 2212 Recte
603 2168 672 2212 nou
698 2146 801 2212 credis
828 2147 866 2212 de
892 2169 1028 2215 numero
1057 2151 1202 2216 militum:

253 2235 324 2319 ipso
348 2234 478 2300 dimidio
502 2235 575 2320 plus
599 2235 727 2318 scripsit
740 2233 861 2301 Clodiu.
896 2235 1028 2304 Falsum
1051 2239 1149 2304 etiam
1169 2239 1202 2304 de

178 2323 188 2335 ‘
254 2321 413 2407 corruptis
436 2322 581 2388 navibus.
618 2322 711 2399 Quod
734 2324 881 2390 consules
903 2325 1026 2411 laudas,
1049 2348 1110 2414 ego
1133 2350 1201 2413 quo*

254 2433 315 2494 que
330 2411 473 2476 animum
495 2410 601 2496 laudo,
624 2410 680 2476 sed
695 2412 863 2477 consilium
877 2414 1090 2499 reprehend03
1113 2417 1200 2497 †dis·

253 2519 350 2582 parsu
372 2499 459 2563 enim
480 2499 609 2565 illorum
623 2501 707 2565 actio
722 2500 761 2565 de
783 2522 862 2585 pace
883 2503 1011 2567 sublata
1033 2507 1091 2588 est,
1114 2527 1200 2590 quum

254 2586 382 2669 quidem
418 2608 478 2674 ego
515 2587 702 2652 meditabar.
755 2587 869 2673 Itaque
905 2593 1018 2675 postea
1054 2592 1199 2658 Demetrii

253 2673 372 2739 librum
394 2674 433 2740 de
456 2676 628 2742 concordia
656 2676 716 2740 tibi
738 2677 848 2743 remisi
869 2680 903 2743 et
924 2678 1101 2746 Philotimo
1123 2681 1199 2764 dedi3

252 2783 313 2827 neo
335 2783 411 2828 vero
434 2763 559 2849 dubito,
583 2765 661 2848 quin
683 2765 853 2831 exitiosum
874 2766 996 2832 bellum
1017 2769 1200 2855 impendeat,

253 2851 343 2917 cuius
365 2851 494 2918 initium
517 2853 651 2918 ducetur
673 2875 692 2917 a
713 2854 809 2920 fame.
843 2853 889 2920 Et
910 2877 961 2920 me
983 2860 1094 2924 tamen
1117 2858 1199 2924 doleo

253 2961 322 3006 non
343 2939 499 3006 interesse
521 2941 596 3006 huic
618 2941 718 3007 bello!
750 2941 786 3006 in
808 2963 872 3027 quo
893 2946 988 3009 tanta
1009 2945 1059 3010 vis
1083 2945 1198 3012 sceleris

251 3029 363 3094 futura
385 3032 447 3113 est,
476 3032 526 3114 ut,
558 3050 656 3113 quum
679 3034 830 3114 parentes
852 3052 919 3097 non
942 3033 1027 3097 alere
1049 3034 1198 3100 nefarium

252 3119 304 3203 sit,
325 3117 432 3184 nostri
453 3116 615 3204 principes
637 3118 895 3204 antiquissimam
918 3123 951 3184 et
974 3121 1197 3189 sanctissimum

321 3290 345 3347 E
367 3333 373 3348 ·
393 3299 418 3362 ⁹,
438 3291 1045 3365 1.†punoqo0(u.,nnq.;perzaoo1.).
1064 3296 1195 3366 sepau

251 3379 302 3434 poe
357 3361 510 3433 ipperdey,
528 3362 558 3418 Β.
591 3363 641 3418 aut
653 3363 890 3433 pertemptatum
908 3365 1031 3436 (Klots).
1055 3397 1089 3408 -
1116 3381 1195 3422 00000.

250 3448 528 3500 reuocatam
586 3432 1042 3504 al.).c.,s...esseuouOr.,B.
1079 3437 1195 3506 2.ῒάίο

246 3519 333 3574 percu
347 3503 457 3571 (Mlth,
471 3503 599 3573 plerique
612 3503 691 3571 Mau
710 3505 877 3572 dispersione
890 3505 930 3575 R,
944 3507 986 3576 1.).
1004 3507 1126 3578 diprcuo
1139 3505 1178 3576 (W
1179 3507 1194 3573 l

252 3575 303 3626 aut
320 3573 438 3626 diesem
455 3574 548 3641 (nonu.
567 3573 643 3641 Mal,
660 3591 708 3642 m,
725 3574 776 3643 B.).
