2536 3960
203 222 268 286 236
487 221 523 274 Μ.
543 218 666 274 TULLII
684 218 875 274 CICERONIS
1260 137 1262 272 i

203 367 288 433 diem
311 366 472 448 incurrat,
503 365 625 448 nescio,
658 364 713 430 sed
740 385 871 448 prorsus
902 365 935 428 ie
967 364 1165 430 commoveri

177 453 407 520 «incommodo
421 453 613 518 valetudinis
636 454 711 516 luae
724 452 810 517 nolo.
838 450 1025 517 Dehonore
1038 455 1170 538 nostro,¹

202 543 267 608 nisi
289 541 366 626 quid
390 542 513 608 occulte
536 538 654 606 Caesar
680 561 739 624 per
760 562 836 605 suos
858 539 1007 606 iribunos
1029 541 1166 606 molitus
1262 569 1263 598 c

204 629 272 713 erii,
296 633 401 696 celera
414 628 564 694 videniur
577 649 646 695 esse
665 629 854 712 tranquilla,
875 628 1122 714 tranquillissim

204 721 311 784 autem
338 718 464 784 animus
495 737 599 801 meus,
630 716 686 801 qui
712 720 818 782 icium
849 717 932 782 istuc
959 717 1054 801 aequi
1083 717 1164 782 boui

202 807 295 890 facil,
327 809 359 872 ei
381 827 419 872 eo
442 805 561 891 magis,
592 804 678 890 quod
700 804 766 869 iam
788 827 808 870 a
830 805 941 870 multis
964 805 1061 870 audio
1086 827 1163 870 con·

204 895 353 960 stitutum
376 915 444 960 esse
466 893 620 978 Pompeio
649 901 682 958 et
711 893 779 959 eius
803 893 937 959 consilio
959 893 996 958 in
1018 891 1164 973 Siciliam
1263 917 1264 938 ³

203 1005 254 1049 me
276 984 412 1068 mittere,
434 983 520 1067 quod
541 982 712 1067 imperium
732 982 882 1047 habeam:
904 982 938 1046 id
952 975 1148 1066 esi’Addqqc
1208 972 1217 988 ⁵

203 1067 307 1154 τικόν,
329 1093 389 1138 nec
412 1071 498 1136 enim
521 1073 651 1136 senalus
666 1069 806 1135 decrevit
823 1091 883 1134 nec
904 1071 1045 1154 populus
1067 1070 1149 1136 iussi

203 1160 447 1314 lplllll
467 1158 786 1330 lllllzllfi‘l
803 1159 856 1312 a,
875 1158 1008 1310 hila?
1021 1158 1163 1312 llll,

205 1270 496 1420 aliquempmiiiai?
518 1268 636 1420 linqui,
659 1335 687 1400 si
700 1335 762 1401 hoc
774 1267 944 1420 iffienim
960 1269 1041 1400 mili
1060 1336 1163 1401 mole·

205 1427 290 1488 sium
322 1423 396 1508 erit,
426 1426 500 1488 utar
531 1445 569 1488 ea
599 1427 709 1508 porta,
744 1445 841 1508 quam
872 1423 1010 1507 primam
1041 1422 1172 1504 uideroq

178 1510 304 1597 oNam,
336 1512 421 1597 quod
448 1512 561 1577 scribis
592 1511 760 1576 mirificam
787 1512 1060 1595 exspecla'cionem
1092 1533 1163 1577 esse

205 1601 267 1664 mei
298 1621 402 1684 neque
435 1603 546 1665 tamen
577 1621 769 1684 quemquam
800 1601 960 1665 bonorum
991 1602 1049 1664 aui
1081 1601 1162 1666 satis

203 1688 363 1753 bonorum
386 1688 545 1773 dubitare,
567 1687 644 1772 quid
665 1688 810 1753 facturus
833 1689 902 1771 sim,
925 1708 997 1773 ego,
1019 1691 1163 1778 questu

204 1774 308 1841 bonos
335 1797 404 1841 esse
432 1776 532 1861 dicas,
563 1797 631 1841 non
656 1776 817 1862 intelligo:
851 1776 922 1860 ipse
943 1776 1052 1842 nullos
1073 1778 1164 1862 novi,
1266 1855 1267 1864 ἦ

205 1864 263 1929 sed
286 1865 346 1950 ila,
377 1865 404 1930 si
427 1865 555 1930 ordines
583 1865 743 1930 bonorum
770 1864 965 1948 quaerimus3
995 1885 1074 1929 nam
1097 1865 1151 1932 sin

205 1952 332 2038 gulares
356 1956 433 2018 sunt
453 1953 532 2018 boni
554 1951 615 2018 viri
635 1952 740 2029 multu
763 1974 874 2018 verum
896 1953 931 2017 in
954 1951 1150 2018 dissensioni

204 2040 265 2106 bus
296 2041 425 2107 ordines
456 2042 615 2107 bonorum
647 2043 680 2118 ci
710 2061 830 2125 genera
859 2040 1041 2125 quaerenda
1076 2046 1155 2107 suut

205 2127 359 2196 Senatum
380 2130 504 2195 bonum
525 2132 631 2214 pules,
653 2149 824 2214 perquem
846 2130 916 2194 sine
929 2129 1065 2214 imperio
1088 2151 1148 2214 pro
1179 2207 1185 2218 ·

204 2216 328 2284 vinciae
352 2221 429 2284 suni
453 2253 492 2266 -
516 2237 692 2302 numquam
715 2217 802 2309 enim
825 2215 921 2283 Curio
945 2217 1154 2283 susiinmsset

205 2305 233 2370 si
264 2327 336 2371 cum
368 2328 405 2371 eo
439 2305 492 2392 agi
524 2309 674 2390 coeptum
705 2309 802 2390 esset,
837 2327 933 2390 quam
965 2307 1108 2371 seniendi

205 2397 336 2460 senatus
359 2395 449 2478 sequi
470 2394 585 2477 noluil,
606 2415 645 2458 ex
667 2413 731 2478 quo
752 2392 876 2460 facium
898 2396 957 2478 esi,
978 2398 1016 2458 ui
1029 2391 1163 2460 Caesam

203 2501 273 2546 non
295 2483 516 2547 succederetur
530 2480 597 2544 -?
620 2503 661 2546 au
684 2481 883 2566 publicanos,
906 2481 961 2566 qui
981 2503 1164 2567 numquam

204 2568 297 2653 firmi,
320 2569 375 2636 sed
397 2591 484 2635 nunc
498 2567 627 2635 Caesari
650 2573 728 2635 sunl
741 2568 946 2634 amicissimi?
969 2591 1013 2635 an
1034 2570 1149 2637 fenera

204 2659 304 2742 iores,
326 2680 369 2722 an
391 2659 557 2744 agricolas,
580 2658 696 2743 quibus
718 2658 955 2742 optulissimum
977 2659 1162 2742 esiciidm,

203 2745 268 2810 nisi
290 2767 345 2812 eos
366 2747 479 2812 limare
507 2749 617 2833 palas,
647 2766 689 2811 nc
717 2746 777 2811 sub
805 2767 907 2832 reguo
934 2748 1013 2831 sini,
1044 2748 1138 2832 quii

204 2855 394 2919 numquam,
430 2833 506 2898 dum
537 2834 634 2900 modo
665 2835 760 2900 otiosi
792 2838 912 2920 esseni,
947 2840 1139 2901 recusarunt

178 2921 289 2998 cunio
316 2923 416 3009 ergo?
448 2922 622 2988 exercitum
643 2922 826 3007 recinentis,
857 2945 956 3007 quum
981 2923 1064 3009 legis
1091 2923 1174 2990 diesi

203 3011 380 3095 mausierii,
412 3011 571 3075 racionem
600 3010 714 3076 haberi
743 3009 872 3094 placei?
903 3012 983 3077 mihi
1014 3033 1163 3078 verone

204 3098 346 3164 absentis
361 3097 502 3184 quidem,
524 3097 590 3182 sed,
612 3117 711 3182 quum
723 3096 757 3164 id
778 3098 889 3165 datum
910 3103 970 3184 esi,
990 3100 1071 3166 illud
1094 3123 1164 3166 uua

203 3185 315 3252 daium
338 3191 395 3253 esi.
431 3185 603 3253 Annorum
625 3187 712 3252 enim
734 3186 844 3252 decem
865 3187 1036 3272 imperium
1058 3193 1092 3254 ei
1114 3190 1164 3255 ita

203 3273 306 3341 letum
326 3275 443 3357 pact:
474 3275 581 3358 placet
606 3274 707 3360 igilur
733 3274 831 3339 sliam
857 3297 909 3340 me
936 3277 1106 3361 expulsum
1129 3283 1166 3344 et

272 3412 325 3482 Ep.
345 3419 371 3480 7,
389 3418 413 3467 e.
431 3413 570 3481 iutellioo:
587 3413 646 3480 ipsc
662 3429 689 3468 a.
708 3412 782 3480 acci,
800 3413 847 3467 ced
865 3412 922 3482 (Or.
939 3415 980 3484 I.).
999 3415 1018 3470 i.
1038 3445 1075 3457 -
1092 3417 1114 3475 ἰ.
1133 3434 1164 3474 a.

68 3562 70 3567 Ι
202 3498 230 3536 a.
248 3511 293 3548 ·-,
310 3483 357 3538 scd
370 3481 401 3536 B.
421 3511 454 3522 -
473 3483 529 3583 ciri
545 3483 640 3546 molti;
658 3497 752 3538 coram
770 3483 817 3552 (1.).
831 3499 866 3549 υ.,
882 3499 912 3584 o,
926 3483 1021 3608 vulqg.
1054 3493 1080 3542 6.
1102 3487 1166 3546 Aa·

202 3567 301 3606 noram
315 3591 321 3605 .
336 3590 344 3605 .
359 3592 365 3606 .
375 3552 477 3620 placa.
493 3553 586 3621 placet
604 3552 678 3622 (W.).
696 3554 750 3622 „A.
766 3591 773 3606 .
789 3593 795 3608 .
811 3552 893 3623 .pl.?
924 3555 966 3624 pl.
1009 3595 1016 3610 .
