2510 3958
204 249 272 314 260
491 250 529 305 Μ.
548 248 673 305 TULLII
689 247 881 303 CICERONIS

636 443 740 510 XXV.

240 567 298 622 Ser.
316 566 346 622 in
364 563 514 642 Formiano
533 581 558 620 a.
577 566 604 622 d.
623 567 671 621 111.
690 566 756 621 Idus
774 565 941 621 Februarias
955 583 981 620 a
996 584 1023 621 n.
1035 584 1061 622 c.
1073 571 1135 622 τοῦ.

540 671 670 727 CICERO
689 671 832 727 ATTICO.

272 779 379 858 Quum
401 780 560 845 dedissem
583 781 626 844 ad
651 784 685 845 te
711 781 837 846 litteras
859 781 969 846 tristes
997 785 1031 846 et
1060 767 1173 846 metuo

204 891 246 936 ne
278 892 371 934 verus
402 870 441 934 de
473 868 615 934 Lucretii
653 869 695 934 ad
727 866 874 934 Cassium
905 869 1023 934 litteris
1057 868 1169 955 Capua

204 958 325 1043 missis,
354 956 509 1042 Cephalio
537 957 627 1023 venit
654 979 674 1022 a
696 957 802 1040 vobis,
834 957 945 1022 attulit
971 959 1074 1022 etiam
1098 981 1118 1022 a
1139 963 1169 1022 te

204 1047 330 1112 litteras
348 1045 526 1129 hilariores,
548 1067 609 1110 uec
622 1050 732 1110 tamen
746 1046 865 1127 firmas,
886 1049 924 1110 ut
938 1048 1035 1112 soles:
1061 1048 1170 1112 omnia

204 1123 331 1200 facilius
355 1135 639 1218 crederepossum
662 1133 867 1218 quamquod
891 1135 1048 1219 scribitis,
1076 1134 1167 1201 Pom·

204 1223 314 1308 peium
336 1223 510 1288 exercitum
532 1223 666 1305 habere,
687 1243 783 1286 nemo
800 1222 865 1286 huc
877 1223 924 1287 ita
939 1223 1033 1287 affert
1047 1224 1168 1288 omnia-

205 1333 284 1395 que,
310 1333 392 1395 quas
419 1311 530 1376 nolim.
575 1308 603 1376 0
630 1333 699 1375 rem
725 1310 888 1375 miseram!
921 1311 1024 1375 malas
1054 1333 1167 1376 causas

206 1420 332 1483 semper
362 1398 518 1478 obtinuit,
548 1398 584 1464 in
616 1398 739 1483 optima
766 1398 920 1463 concidit:
953 1399 1031 1482 quid
1066 1400 1167 1463 dicam

205 1487 270 1552 nisi
296 1487 377 1553 illud
404 1509 478 1552 eum
505 1487 668 1551 scisse-
691 1508 796 1571 neque
825 1487 910 1551 enim
938 1491 1008 1552 erat
1039 1487 1167 1552 difficile
1249 1537 1250 1542 1

209 1575 343 1728 —,blliroc
365 1576 528 1641 nescisse?
550 1577 625 1728 esra?l
641 1575 727 1676 enim
751 1596 803 1677 ars
826 1574 1078 1678 difficilisnrecte
1101 1598 1166 1639 rem

509 1714 515 1728 .
653 1686 665 1726 1
747 1685 759 1726 1

206 1685 250 1816 {I
262 1685 507 1818 εοὲιῗωῗξῗὲ
526 1755 558 1816 a
581 1685 718 1815 isaei?
760 1685 874 1748 ΜΨ
899 1685 1008 1729 ⁰¹¹²¹¹¹³
1031 1687 1166 1730 mm

629 1943 751 2010 XXVI.

299 2065 356 2122 Ser.
375 2067 405 2122 in
423 2064 573 2121 Formiano
591 2065 686 2120 Idibus
705 2064 864 2120 Februariis
883 2082 908 2120 a.
927 2085 955 2121 u.
973 2084 997 2121 c.
1018 2073 1079 2123 ⁷05.

480 2169 629 2228 CICERO
647 2171 799 2228 ATTICO
817 2171 900 2228 SAL.

181 2299 193 2339 r
272 2279 351 2345 Non
372 2281 463 2346 venit
484 2280 570 2345 idem
591 2301 654 2344 usu
671 2279 765 2364 mihi,
789 2280 874 2364 quod
895 2284 933 2344 tu
955 2280 1016 2345 tibi
1040 2281 1163 2346 scribis:

207 2370 356 2454 „quoties
380 2367 541 2433 exoriort“
562 2388 624 2453 ego
645 2367 733 2431 euim
755 2389 843 2432 nuno
865 2369 1011 2452 paullum
1033 2371 1163 2450 exorior,

209 2459 243 2520 et
263 2456 401 2521 maxime
415 2456 544 2540 quidem
563 2456 604 2520 iis
617 2456 743 2540 litteris,
766 2478 848 2540 quae
862 2457 967 2522 Roma
981 2457 1163 2537 afferuntur,

209 2543 249 2607 de
271 2542 425 2627 Domitio,
448 2545 487 2609 de
507 2544 688 2609 Picentium
710 2544 906 2609 cohortibus.
934 2544 1053 2610 Omnia
1076 2548 1163 2610 erant

207 2632 296 2695 facta
317 2631 380 2696 hoe
402 2633 501 2697 biduo
524 2633 671 2698 laetiora:
694 2633 803 2716 itaque
817 2634 905 2718 fuga,
928 2655 1011 2718 quae
1032 2635 1163 2719 paraba»

93 2763 97 2772 ·
208 2722 272 2803 tur,
293 2740 440 2803 repressa
462 2723 525 2804 est3
548 2718 695 2786 Caesaris
717 2721 902 2805 interdicta,

356 2844 384 2908 si
406 2847 439 2908 te
462 2843 603 2909 secundo
626 2843 747 2908 lumine
769 2843 822 2908 hic
846 2844 1023 2930 offendero,

209 2971 420 3052 respuuntur,
442 2967 529 3032 bona
552 2966 591 3032 de
605 2965 759 3051 Domitio,
781 2969 946 3052 praeclara
969 2970 1008 3034 de
1031 2966 1160 3033 Afranio

183 3054 310 3119 sfama'
326 3059 384 3121 est
429 3054 524 3131 Quod
555 3076 606 3119 me
633 3055 825 3120 amicissime
852 3057 1019 3140 admones,
1050 3062 1087 3122 ut
1115 3076 1160 3120 me

210 3143 383 3228 integrum,
405 3143 512 3228 quoad
534 3143 666 3226 possim,
689 3165 821 3227 servem,
844 3150 972 3229 gratum
997 3150 1060 3230 est3
1081 3142 1158 3230 quod

210 3230 310 3316 addis,
333 3253 375 3296 ne
398 3231 589 3317 propensior
603 3232 643 3295 ad
657 3236 785 3315 turpem
799 3254 929 3297 causam
943 3233 1060 3318 videar,
1083 3236 1159 3298 certe

209 3319 312 3384 videri
333 3340 476 3403 possum.
503 3319 575 3405 Ego
590 3340 641 3384 me
656 3319 770 3384 ducem
782 3321 924 3386 incivili
946 3323 1041 3406 belle,
1064 3318 1157 3406 quoad

5 3399 6 3410 ’
102 3426 107 3434 ’
210 3406 250 3470 de
276 3428 355 3490 pace
384 3412 546 3492 ageretur,
578 3409 695 3493 negavi
722 3430 805 3492 esse,
837 3431 905 3474 non
937 3411 1017 3493 quin
1047 3415 1157 3475 rectum

211 3499 308 3578 esset,
336 3495 392 3559 sed
422 3496 511 3580 quia,
538 3496 625 3578 quod
650 3497 753 3561 multo
780 3497 900 3562 rectius
922 3498 999 3583 fuit,
1031 3501 1062 3564 id
1088 3495 1157 3563 mihi

209 3580 358 3646 fraudem
379 3582 467 3646 tulit:
494 3583 590 3678 plane
613 3605 699 3668 eum,
727 3585 779 3648 oui
800 3589 913 3650 noster
935 3587 1071 3653 alterum
1092 3605 1155 3651 con·
