2582 3980
230 242 487 300 EPISTOLARUM
505 246 555 300 AD
574 245 739 300 AT'l'ICUM
756 245 830 300 XVI.
850 251 891 301 16.
970 243 1036 308 609
1117 201 1121 206 ¹

74 410 139 454 nos
163 388 249 474 apud
262 389 418 454 Plancum
431 391 549 455 iuvare.
584 387 669 456 Novi
682 389 918 456 humanitatem
931 392 1036 472 tuam3
1052 408 1077 448 re

76 477 159 560 scie,
190 498 287 561 quam
315 479 358 542 sis
381 479 491 542 amieis
513 478 684 543 iucundus:
716 499 812 543 nemo
835 500 896 543 nos
918 478 953 542 in
975 478 1037 542 hae

75 587 177 630 eausa
198 567 273 651 plus
295 565 405 631 iuvare
434 570 543 652 potest
565 588 661 650 quam
684 570 729 630 tu.
774 565 819 630 Et
845 588 896 630 res
918 566 966 631 ita
987 569 1037 630 est

43 651 45 656 ’
74 653 180 732 firma,
203 657 241 718 ut
264 654 358 719 debet
380 677 459 739 esse,
481 677 578 740 quam
593 656 740 720 eonsules
756 654 794 718 de
818 654 944 719 consilii
967 677 1037 719 sen-

73 742 182 806 tentia
205 737 430 826 decreverunb
454 765 553 827 quum
580 746 613 807 et
639 745 711 830 lege
739 747 772 808 et
798 746 930 810 senatus
962 763 1036 808 eon·

74 830 164 895 sulto
194 834 439 916 cognoscerent3
470 835 581 896 tamen
613 833 722 897 omnia
752 832 860 916 posita
885 834 1037 916 putamus

75 920 112 982 in
135 917 250 983 Planci
271 919 321 984 tui
342 919 551 1004 liberalitate,
574 942 669 1003 quem
692 920 820 1004 quidem
844 920 1037 984 arbitramur

74 1029 180 1091 quum
204 1007 302 1072 officii
316 1009 366 1073 sui
380 1007 473 1073 atrei
495 1009 641 1095 publicae
658 1031 755 1073 eausa
778 1009 940 1074 decretum
963 1029 1037 1073 eon·

73 1096 186 1160 sulum
215 1097 512 1181 comprobaturum,
541 1101 611 1162 tum
637 1098 776 1164 libenter
802 1101 914 1163 nostra
941 1119 1037 1162 eausa

73 1206 148 1250 esse
168 1183 343 1249 facturum:
367 1185 533 1252 adiuvabis
555 1185 664 1272 igitur,
686 1188 731 1250 mi
745 1185 869 1271 Capito,
893 1187 978 1270 quod
1000 1189 1039 1250 ut

75 1273 195 1357 faciae,
215 1276 249 1352 te
271 1272 477 1338 vehementer
499 1275 597 1339 etiam
619 1278 716 1360 atque
739 1275 837 1340 etiam
859 1295 949 1360 roge.

151 1429 204 1501 Ep.
225 1436 266 1486 16.
280 1429 321 1500 F..
341 1436 382 1486 18.
406 1429 473 1488 Elei
490 1446 533 1486 rea
550 1431 592 1486 itu
606 1474 612 1486 .
628 1473 634 1486 .
649 1447 735 1502 coqu,
752 1437 843 1488 tamea
859 1432 945 1504 (W.)l

140 3671 255 3714 cruorem·
272 3671 336 3721 epra
348 3671 381 3714 11.
