2590 3964
242 210 501 267 EPISTULARUM
518 213 568 266 AD
586 212 749 268 ATTIGUM
766 215 814 268 III.
833 221 858 270 8.
877 222 902 271 9.
1011 215 1054 280 95

97 355 207 439 potui,
232 360 269 421 ut
291 359 349 420 aut
370 356 461 421 illum
484 357 741 422 amantissimum
762 358 839 442 mei,
852 343 1054 427 'mollissimo

98 443 209 510 animo
221 447 314 517 tauto
334 444 372 507 in
384 455 535 509 maerore
542 445 716 529 aspicerem
731 450 788 512 aut
809 467 896 512 meas
910 449 1055 512 miserias

97 532 187 596 luctu
221 532 359 597 afflictas
387 536 420 596 et
449 532 610 618 perditam
635 534 801 600 fortunam
831 535 879 600 illi
907 536 1054 602 offerrem

99 624 156 684 aut
178 620 219 686 ab
242 621 301 686 illo
324 620 424 704 aspici
446 625 582 706 paterer.
609 622 838 708 Attqueetiam
860 623 941 689 illud
963 625 1054 689 time·
1136 639 1139 642 '

98 708 181 794 bam,
204 709 292 793 quod
314 709 459 793 profecto
483 709 658 793 accidisset,
635 712 722 774 tue
738 732 822 774 ame
845 711 969 797 digredi
986 734 1055 778 non

97 800 219 880 posset:
251 797 442 862 versabatur
467 797 548 862 mihi
574 801 702 883 tempus
730 797 810 862 illud
838 803 913 863 ante
937 802 1055 885 oculos,

98 906 197 968 quum
218 885 275 950 illc
297 889 355 950 aut
381 885 510 951 lictores
534 884 726 951 dimitteret
727 887 843 951 autri
866 887 1056 954 avelleretur

98 994 135 1038 ex
157 975 329 1059 complexu
350 994 436 1056 mec,
457 973 554 1038 huius
572 975 757 1039 acerbitatis
780 978 931 1039 eventum
954 977 1056 1040 altera

99 1062 274 1127 acerbitate
296 1082 365 1127 uon
386 1062 515 1127 videndi
541 1062 652 1126 fratris
675 1062 783 1127 vitavi.
823 1061 864 1126 ln
890 1062 977 1128 hunc
1004 1085 1055 1129 me

98 1171 209 1216 casum
231 1171 291 1216 vos
313 1149 443 1224 vivendi
470 1153 617 1214 auctores
638 1150 826 1234 impulistis,
856 1151 966 1235 itaque
992 1152 1056 1216 mei

98 1239 221 1322 peccati
254 1239 310 1303 luo
337 1259 473 1322 poenas.
509 1237 711 1322 Quamquam
741 1259 792 1302 me
823 1242 898 1304 tuae
930 1240 1082 1305 littereas

100 1329 295 1409 sustentant,
318 1325 497 1411 exquibus,
520 1329 727 1409 quantumin
740 1328 809 1410 ipse
824 1348 940 1412 speres,
961 1329 1056 1394 facile

98 1415 273 1500 perspici03
296 1435 377 1497 quae
392 1414 521 1498 quidem
534 1417 645 1479 tamen
658 1415 779 1500 aliquid
792 1413 957 1480 habebant
974 1417 1056 1482 sola-

99 1504 147 1588 tii,
179 1505 359 1586 antequam
391 1523 430 1567 eo
456 1502 574 1567 venisti
597 1524 616 1566 a
638 1501 805 1587 Pompeio:
840 1525 946 1587 „nunc
972 1503 1056 1569 Hor-

99 1591 241 1656 tensium
266 1591 358 1656 allice
372 1593 405 1654 et
425 1590 581 1656 eiusmodi
594 1591 689 1656 viros
690 1590 708 1623 “
734 1589 884 1676 Obsecro,
904 1593 950 1656 mi
963 1591 1057 1657 Pom·

99 1679 186 1765 poni,
208 1679 358 1746 nondum
378 1679 542 1764 perspicis,
565 1699 701 1762 quorum
722 1700 828 1765 opera,
850 1701 986 1764 quorum
1007 1682 1057 1745 iu·

100 1768 199 1852 cidiis,
222 1788 361 1851 quorum
383 1767 501 1831 scelere
523 1766 733 1851 perierimus?
765 1765 827 1833 Sed
849 1773 955 1832 tecum
977 1767 1058 1834 hacc

101 1857 211 1920 omnia
238 1877 348 1921 coram
370 1875 516 1940 agemus,
546 1857 675 1920 tanturn
702 1855 788 1939 dico,
814 1857 900 1940 quod
922 1857 1002 1922 scire
1024 1861 1057 1922 te

101 1949 193 2029 puto:
218 1965 281 2010 nos
294 1965 362 2009 non
374 1943 505 2027 inimici,
528 1942 697 2008 redinvidi
710 1906 927 2028 perdiderunt.
904 1942 1058 2030 Ntunc,

102 2034 129 2098 si
150 2034 199 2096 ita
222 2035 314 2115 sunt,
342 2053 424 2114 quae
447 2053 572 2116 speras,
604 2033 831 2096 sustinebimus
853 2054 914 2097 nos
938 2036 971 2096 et
993 2047 1058 2117 spe,

102 2143 166 2206 qua
187 2121 295 2204 iubes,
317 2119 470 2204 nitemur3
502 2119 565 2203 sin,
587 2123 625 2184 ut
646 2120 727 2184 mihi
748 2120 911 2203 videntur,
931 2121 1059 2186 infirma

103 2213 187 2294 sunt,
210 2207 298 2293 quod
313 2208 434 2292 optimo
456 2211 601 2294 tempore
623 2208 729 2272 facere
749 2229 818 2272 non
830 2208 929 2290 licuit,
951 2209 1058 2273 minus

103 2297 219 2364 idoneo
241 2297 307 2362 fiet
344 2296 496 2361 Terentia
517 2296 578 2360 tibi
601 2317 696 2380 saepe
719 2296 789 2381 agit
810 2295 940 2382 gratias.
976 2295 1085 2361 Mihia

103 2387 200 2451 etiam
227 2407 330 2450 uuum
357 2385 395 2448 do
422 2385 516 2450 malis
543 2385 578 2448 in
603 2388 693 2448 metu
720 2387 782 2469 est,
812 2383 923 2448 fratris
950 2385 1059 2450 miseri

104 2474 281 2560 negotium,
305 2473 391 2557 quod
414 2474 442 2537 si
464 2474 563 2538 sciam
578 2472 755 2537 cuiusmodi
778 2472 960 2558 sitacium,
983 2473 1059 2557 quid

106 2563 267 2648 agendum
293 2561 374 2626 mihi
400 2563 451 2626 sit.
495 2560 549 2626 Me
576 2561 674 2625 etiam
696 2581 784 2625 nunc
805 2561 941 2626 istorum
963 2561 1059 2628 benc·

105 2652 250 2717 liciorum
277 2653 311 2714 et
340 2650 520 2714 litterarum
549 2649 760 2733 exspectatio,
791 2650 829 2712 ut
854 2649 914 2714 tibi
945 2651 1060 2735 placet,

106 2738 353 2804 Thessalonicae
365 2741 468 2802 tenet:
491 2736 609 2821 siquid
623 2737 773 2802 critnovi
786 2737 929 2822 allatum,
952 2739 1060 2822 sciam,

106 2828 143 2892 de
169 2828 296 2912 reliquo
324 2825 401 2909 quid
433 2827 594 2911 agendum
624 2827 674 2890 sit.
721 2825 771 2891 Tu
803 2826 844 2910 si,
874 2828 912 2901 ut
939 2827 1060 2910 scribis,

105 2915 175 2982 Kal.
189 2914 294 2980 Iuniis
308 2913 413 2978 Roma
434 2914 598 2999 profectus
619 2935 662 2997 cs,
684 2913 870 2998 propediem
892 2934 952 2977 nos
975 2913 1060 2977 vide·

105 3005 162 3070 bis.
199 3003 351 3084 Litteras,
374 3023 453 3086 quas
477 3000 518 3066 ad
539 3000 728 3084 Pompeium
752 3001 874 3086 scripsi,
895 3000 956 3064 tibi
978 2999 1060 3065 misi.

105 3092 189 3157 Data
211 3091 260 3157 Id.
281 3089 353 3155 Iun.
376 3089 614 3154 Thessalonica.

173 3337 226 3408 Ep
249 3344 279 3404 9,
309 3343 333 3390 1
370 3337 492 3404 offerrem
518 3339 544 3390 ct
570 3335 604 3389 ab
632 3333 737 3403 (Sch.)?
769 3348 793 3386 o.
817 3329 1060 3400 atquccb(W.)?

105 3415 130 3462 ι.
156 3409 182 3463 ai
199 3409 242 3462 ita
259 3379 326 3462 stat
348 3406 452 3474 (MRI,
476 3407 582 3476 vulgo)
615 3407 640 3458 ai
657 3407 750 3527 recep.
771 3402 853 3468 (ιιι,
872 3401 932 3469 Bt?
963 3402 989 3456 si
1006 3403 1061 3456 ista
1109 3423 1120 3435 ·

106 3481 187 3534 ttae.
210 3477 298 3548 (W)‘t
352 3483 377 3532 3
416 3447 609 3533 Τιιιιειιοιιια
633 3475 722 3544 (ιιι
707 3472 820 3542 etOr..)
855 3472 1062 3528 Thessalonicae

106 3549 197 3620 vulgo.
