<?xml version="1.0" encoding="UTF-8"?>
<!DOCTYPE html PUBLIC "-//W3C//DTD XHTML 1.0 Transitional//EN"
    "http://www.w3.org/TR/xhtml1/DTD/xhtml1-transitional.dtd">
<html xmlns="http://www.w3.org/1999/xhtml" xml:lang="en" lang="en">
 <head>
  <title>
</title>
<meta http-equiv="Content-Type" content="text/html;charset=utf-8" />
  <meta name='ocr-system' content='tesseract 3.04.00' />
  <meta name='ocr-capabilities' content='ocr_page ocr_carea ocr_par ocr_line ocrx_word'/>
</head>
<body>
  <div class='ocr_page' id='page_1' title='image "./epistolae01wesegoog_0020.png"; bbox 0 0 2608 3972; ppageno 0'>
   <div class='ocr_carea' id='block_1_1' title="bbox 256 251 928 319">
    <p class='ocr_par' dir='ltr' id='par_1_1' title="bbox 256 251 928 319">
     <span class='ocr_line' id='line_1_1' title="bbox 256 251 928 319; baseline 0.003 -11"><span class='ocrx_word' id='word_1_1' title='bbox 256 255 299 319; x_wconf 91' lang='lat'><strong>10</strong></span> <span class='ocrx_word' id='word_1_2' title='bbox 542 255 579 308; x_wconf 87' lang='grc' dir='ltr'><strong>Μ.</strong></span> <span class='ocrx_word' id='word_1_3' title='bbox 598 253 721 308; x_wconf 82' lang='lat' dir='ltr'>TULLII</span> <span class='ocrx_word' id='word_1_4' title='bbox 739 251 928 311; x_wconf 81' lang='lat' dir='ltr'>CICERONIS</span> 
     </span>
    </p>
   </div>
   <div class='ocr_carea' id='block_1_2' title="bbox 225 397 1213 1894">
    <p class='ocr_par' dir='ltr' id='par_1_2' title="bbox 225 397 1213 1894">
     <span class='ocr_line' id='line_1_2' title="bbox 254 397 1213 555; baseline -0.003 -91"><span class='ocrx_word' id='word_1_5' title='bbox 254 399 397 552; x_wconf 68' lang='lat' dir='ltr'><strong>pptimpr</strong></span> <span class='ocrx_word' id='word_1_6' title='bbox 420 399 454 463; x_wconf 87' lang='lat' dir='ltr'><strong>et</strong></span> <span class='ocrx_word' id='word_1_7' title='bbox 475 398 563 551; x_wconf 64' lang='lat' dir='ltr'><strong>llill</strong></span> <span class='ocrx_word' id='word_1_8' title='bbox 578 397 806 550; x_wconf 56' lang='lat' dir='ltr'><strong>amipiilsnsimus,</strong></span> <span class='ocrx_word' id='word_1_9' title='bbox 839 419 923 549; x_wconf 71' lang='lat' dir='ltr'><strong>sanet</strong></span> <span class='ocrx_word' id='word_1_10' title='bbox 939 397 1000 462; x_wconf 92' lang='lat' dir='ltr'><strong>tibi</strong></span> <span class='ocrx_word' id='word_1_11' title='bbox 1022 397 1213 555; x_wconf 57' lang='lat' dir='ltr'><strong>iratpsupislpp</strong></span> 
     </span>
     <span class='ocr_line' id='line_1_3' title="bbox 280 507 1077 556; baseline -0.004 -3"><span class='ocrx_word' id='word_1_12' title='bbox 280 507 318 553; x_wconf 93' lang='lat' dir='ltr'><strong>oc</strong></span> <span class='ocrx_word' id='word_1_13' title='bbox 340 509 368 553; x_wconf 76' lang='grc' dir='ltr'><strong>ει</strong></span> <span class='ocrx_word' id='word_1_14' title='bbox 412 508 478 551; x_wconf 88' lang='lat' dir='ltr'><strong>uan</strong></span> <span class='ocrx_word' id='word_1_15' title='bbox 586 507 640 552; x_wconf 87' lang='lat' dir='ltr'><strong>aes</strong></span> <span class='ocrx_word' id='word_1_16' title='bbox 702 507 736 552; x_wconf 88' lang='lat' dir='ltr'><strong>es</strong></span> <span class='ocrx_word' id='word_1_17' title='bbox 763 508 864 552; x_wconf 83' lang='lat' dir='ltr'><strong>sonam</strong></span> <span class='ocrx_word' id='word_1_18' title='bbox 923 508 977 556; x_wconf 82' lang='lat' dir='ltr'><strong>um</strong></span> <span class='ocrx_word' id='word_1_19' title='bbox 1044 509 1077 550; x_wconf 87' lang='grc' dir='ltr'><strong>ιιι</strong></span> 
     </span>
     <span class='ocr_line' id='line_1_4' title="bbox 230 507 1212 659; baseline 0.005 -24"><span class='ocrx_word' id='word_1_20' title='bbox 230 507 489 640; x_wconf 69' lang='lat' dir='ltr'><strong>relaboraddum</strong></span> <span class='ocrx_word' id='word_1_21' title='bbox 512 575 563 659; x_wconf 89' lang='lat' dir='ltr'><strong>sit,</strong></span> <span class='ocrx_word' id='word_1_22' title='bbox 586 575 665 639; x_wconf 76' lang='lat' dir='ltr'><strong>scira</strong></span> <span class='ocrx_word' id='word_1_23' title='bbox 688 574 818 659; x_wconf 81' lang='lat' dir='ltr'><strong>possim</strong></span> <span class='ocrx_word' id='word_1_24' title='bbox 850 536 887 642; x_wconf 81' lang='lat' dir='ltr'><strong>L&#39;.</strong></span> <span class='ocrx_word' id='word_1_25' title='bbox 901 536 1011 640; x_wconf 79' lang='lat' dir='ltr'><strong>Cincio</strong></span> <span class='ocrx_word' id='word_1_26' title='bbox 1022 507 1099 640; x_wconf 52' lang='lat' dir='ltr'><strong>llHS.</strong></span> <span class='ocrx_word' id='word_1_27' title='bbox 1114 590 1212 640; x_wconf 72' lang='lat' dir='ltr'><strong>colon</strong></span> 
     </span>
     <span class='ocr_line' id='line_1_5' title="bbox 255 660 1213 747; baseline -0.004 -17"><span class='ocrx_word' id='word_1_28' title='bbox 255 680 351 730; x_wconf 83' lang='lat' dir='ltr'><strong>coloo</strong></span> <span class='ocrx_word' id='word_1_29' title='bbox 383 679 477 730; x_wconf 85' lang='lat' dir='ltr'><strong>coco.</strong></span> <span class='ocrx_word' id='word_1_30' title='bbox 508 685 567 747; x_wconf 93' lang='lat' dir='ltr'><strong>pro</strong></span> <span class='ocrx_word' id='word_1_31' title='bbox 600 662 703 747; x_wconf 89' lang='lat' dir='ltr'><strong>signis</strong></span> <span class='ocrx_word' id='word_1_32' title='bbox 733 661 919 747; x_wconf 79' lang='lat' dir='ltr'><strong>Megaricis,</strong></span> <span class='ocrx_word' id='word_1_33' title='bbox 949 665 987 726; x_wconf 91' lang='lat' dir='ltr'><strong>ut</strong></span> <span class='ocrx_word' id='word_1_34' title='bbox 1018 666 1071 728; x_wconf 90' lang='lat' dir='ltr'><strong>tu·</strong></span> <span class='ocrx_word' id='word_1_35' title='bbox 1087 660 1127 729; x_wconf 87' lang='lat' dir='ltr'><strong>ad</strong></span> <span class='ocrx_word' id='word_1_36' title='bbox 1159 683 1213 726; x_wconf 86' lang='lat' dir='ltr'><strong>me</strong></span> 
     </span>
     <span class='ocr_line' id='line_1_6' title="bbox 254 749 1212 837; baseline -0.002 -21"><span class='ocrx_word' id='word_1_37' title='bbox 254 752 441 837; x_wconf 77' lang='lat' dir='ltr'>scripseras,</span> <span class='ocrx_word' id='word_1_38' title='bbox 464 751 581 816; x_wconf 83' lang='lat' dir='ltr'><strong>curavi.</strong></span> <span class='ocrx_word' id='word_1_39' title='bbox 617 749 756 816; x_wconf 89' lang='lat' dir='ltr'><strong>Hermae</strong></span> <span class='ocrx_word' id='word_1_40' title='bbox 778 751 828 816; x_wconf 91' lang='lat' dir='ltr'><strong>tui</strong></span> <span class='ocrx_word' id='word_1_41' title='bbox 849 749 1005 818; x_wconf 75' lang='lat' dir='ltr'><strong>Pentelici</strong></span> <span class='ocrx_word' id='word_1_42' title='bbox 1029 771 1102 816; x_wconf 87' lang='lat' dir='ltr'><strong>oum</strong></span> <span class='ocrx_word' id='word_1_43' title='bbox 1124 751 1212 834; x_wconf 87' lang='lat' dir='ltr'><strong>capi·</strong></span> 
     </span>
     <span class='ocr_line' id='line_1_7' title="bbox 252 838 1211 925; baseline -0.002 -21"><span class='ocrx_word' id='word_1_44' title='bbox 252 840 340 906; x_wconf 89' lang='lat' dir='ltr'><strong>tibus</strong></span> <span class='ocrx_word' id='word_1_45' title='bbox 364 840 481 925; x_wconf 70' lang='lat' dir='ltr'><strong>eineis,</strong></span> <span class='ocrx_word' id='word_1_46' title='bbox 504 840 542 904; x_wconf 91' lang='lat' dir='ltr'><strong>de</strong></span> <span class='ocrx_word' id='word_1_47' title='bbox 565 839 682 922; x_wconf 89' lang='lat' dir='ltr'><strong>quibus</strong></span> <span class='ocrx_word' id='word_1_48' title='bbox 704 839 745 904; x_wconf 91' lang='lat' dir='ltr'><strong>ad</strong></span> <span class='ocrx_word' id='word_1_49' title='bbox 768 861 818 906; x_wconf 91' lang='lat' dir='ltr'><strong>me</strong></span> <span class='ocrx_word' id='word_1_50' title='bbox 842 838 1013 923; x_wconf 75' lang='lat' dir='ltr'><strong>scripsisti,</strong></span> <span class='ocrx_word' id='word_1_51' title='bbox 1035 838 1100 904; x_wconf 89' lang='lat' dir='ltr'><strong>iam</strong></span> <span class='ocrx_word' id='word_1_52' title='bbox 1121 859 1211 903; x_wconf 86' lang='lat' dir='ltr'><strong>nunc</strong></span> 
     </span>
     <span class='ocr_line' id='line_1_8' title="bbox 253 926 1213 1012; baseline -0.003 -19"><span class='ocrx_word' id='word_1_53' title='bbox 253 949 304 993; x_wconf 87' lang='lat' dir='ltr'><strong>me</strong></span> <span class='ocrx_word' id='word_1_54' title='bbox 327 928 500 994; x_wconf 79' lang='lat' dir='ltr'><strong>admodum</strong></span> <span class='ocrx_word' id='word_1_55' title='bbox 523 927 695 992; x_wconf 84' lang='lat' dir='ltr'><strong>delectant:</strong></span> <span class='ocrx_word' id='word_1_56' title='bbox 719 947 817 1010; x_wconf 90' lang='lat' dir='ltr'><strong>quare</strong></span> <span class='ocrx_word' id='word_1_57' title='bbox 839 927 936 993; x_wconf 84' lang='lat' dir='ltr'><strong>velim</strong></span> <span class='ocrx_word' id='word_1_58' title='bbox 953 928 1102 992; x_wconf 88' lang='lat' dir='ltr'><strong>eteoset</strong></span> <span class='ocrx_word' id='word_1_59' title='bbox 1116 926 1213 1012; x_wconf 84' lang='lat' dir='ltr'><strong>signa</strong></span> 
     </span>
     <span class='ocr_line' id='line_1_9' title="bbox 253 1014 1213 1101; baseline -0.002 -21"><span class='ocrx_word' id='word_1_60' title='bbox 253 1020 287 1080; x_wconf 86' lang='lat' dir='ltr'><strong>et</strong></span> <span class='ocrx_word' id='word_1_61' title='bbox 309 1019 424 1101; x_wconf 87' lang='lat' dir='ltr'><strong>cetera,</strong></span> <span class='ocrx_word' id='word_1_62' title='bbox 447 1036 529 1100; x_wconf 87' lang='lat' dir='ltr'><strong>quac</strong></span> <span class='ocrx_word' id='word_1_63' title='bbox 550 1014 612 1079; x_wconf 93' lang='lat' dir='ltr'><strong>tibi</strong></span> <span class='ocrx_word' id='word_1_64' title='bbox 634 1015 702 1080; x_wconf 89' lang='lat' dir='ltr'><strong>eius</strong></span> <span class='ocrx_word' id='word_1_65' title='bbox 724 1014 860 1080; x_wconf 80' lang='lat' dir='ltr'><strong>loci***</strong></span> <span class='ocrx_word' id='word_1_66' title='bbox 883 1017 917 1078; x_wconf 92' lang='lat' dir='ltr'><strong>et</strong></span> <span class='ocrx_word' id='word_1_67' title='bbox 937 1014 1042 1079; x_wconf 89' lang='lat' dir='ltr'><strong>nostri</strong></span> <span class='ocrx_word' id='word_1_68' title='bbox 1065 1014 1163 1092; x_wconf 88' lang='lat' dir='ltr'><strong>studii</strong></span> <span class='ocrx_word' id='word_1_69' title='bbox 1178 1019 1213 1079; x_wconf 92' lang='lat' dir='ltr'><strong>et</strong></span> 
     </span>
     <span class='ocr_line' id='line_1_10' title="bbox 251 1103 1212 1190; baseline -0.003 -21"><span class='ocrx_word' id='word_1_70' title='bbox 251 1107 327 1169; x_wconf 90' lang='lat' dir='ltr'><strong>tuae</strong></span> <span class='ocrx_word' id='word_1_71' title='bbox 342 1104 521 1190; x_wconf 75' lang='lat' dir='ltr'><strong>elegantiae</strong></span> <span class='ocrx_word' id='word_1_72' title='bbox 536 1103 822 1187; x_wconf 63' lang='lat' dir='ltr'><strong>emendabuntur,</strong></span> <span class='ocrx_word' id='word_1_73' title='bbox 845 1124 942 1187; x_wconf 89' lang='lat' dir='ltr'><strong>quam</strong></span> <span class='ocrx_word' id='word_1_74' title='bbox 959 1103 1098 1186; x_wconf 90' lang='lat' dir='ltr'><strong>plurima</strong></span> <span class='ocrx_word' id='word_1_75' title='bbox 1112 1124 1212 1186; x_wconf 91' lang='lat' dir='ltr'><strong>quam</strong></span> 
     </span>
     <span class='ocr_line' id='line_1_11' title="bbox 252 1191 1212 1276; baseline -0.001 -20"><span class='ocrx_word' id='word_1_76' title='bbox 252 1193 454 1276; x_wconf 90' lang='lat' dir='ltr'><strong>primumque</strong></span> <span class='ocrx_word' id='word_1_77' title='bbox 477 1193 602 1276; x_wconf 90' lang='lat' dir='ltr'><strong>mittas,</strong></span> <span class='ocrx_word' id='word_1_78' title='bbox 624 1195 657 1256; x_wconf 88' lang='lat' dir='ltr'><strong>et</strong></span> <span class='ocrx_word' id='word_1_79' title='bbox 679 1191 830 1274; x_wconf 86' lang='lat' dir='ltr'><strong>maxime,</strong></span> <span class='ocrx_word' id='word_1_80' title='bbox 856 1210 938 1274; x_wconf 88' lang='lat' dir='ltr'><strong>quae</strong></span> <span class='ocrx_word' id='word_1_81' title='bbox 960 1191 1212 1275; x_wconf 78' lang='lat' dir='ltr'><strong>tibigymnesii</strong></span> 
     </span>
     <span class='ocr_line' id='line_1_12' title="bbox 251 1279 1212 1366; baseline 0 -23"><span class='ocrx_word' id='word_1_82' title='bbox 251 1280 400 1364; x_wconf 84' lang='lat' dir='ltr'><strong>xystique</strong></span> <span class='ocrx_word' id='word_1_83' title='bbox 431 1279 626 1346; x_wconf 82' lang='lat' dir='ltr'><strong>videbuntur</strong></span> <span class='ocrx_word' id='word_1_84' title='bbox 652 1301 735 1366; x_wconf 88' lang='lat' dir='ltr'><strong>esse,</strong></span> <span class='ocrx_word' id='word_1_85' title='bbox 766 1301 843 1347; x_wconf 82' lang='lat' dir='ltr'><strong>nam</strong></span> <span class='ocrx_word' id='word_1_86' title='bbox 874 1279 909 1346; x_wconf 85' lang='lat' dir='ltr'><strong>in</strong></span> <span class='ocrx_word' id='word_1_87' title='bbox 942 1299 979 1343; x_wconf 89' lang='lat' dir='ltr'><strong>eo</strong></span> <span class='ocrx_word' id='word_1_88' title='bbox 1012 1299 1129 1364; x_wconf 81' lang='lat' dir='ltr'><strong>genere</strong></span> <span class='ocrx_word' id='word_1_89' title='bbox 1162 1279 1212 1344; x_wconf 91' lang='lat' dir='ltr'><strong>sic</strong></span> 
     </span>
     <span class='ocr_line' id='line_1_13' title="bbox 253 1365 1212 1452; baseline 0.001 -20"><span class='ocrx_word' id='word_1_90' title='bbox 253 1367 360 1432; x_wconf 90' lang='lat' dir='ltr'><strong>studio</strong></span> <span class='ocrx_word' id='word_1_91' title='bbox 384 1366 552 1451; x_wconf 86' lang='lat' dir='ltr'><strong>efferimur,</strong></span> <span class='ocrx_word' id='word_1_92' title='bbox 575 1370 612 1431; x_wconf 94' lang='lat' dir='ltr'><strong>ut</strong></span> <span class='ocrx_word' id='word_1_93' title='bbox 626 1367 683 1431; x_wconf 89' lang='lat' dir='ltr'><strong>abs</strong></span> <span class='ocrx_word' id='word_1_94' title='bbox 697 1371 730 1432; x_wconf 90' lang='lat' dir='ltr'><strong>te</strong></span> <span class='ocrx_word' id='word_1_95' title='bbox 745 1366 927 1450; x_wconf 85' lang='lat' dir='ltr'><strong>adiuvandi,</strong></span> <span class='ocrx_word' id='word_1_96' title='bbox 949 1365 989 1431; x_wconf 88' lang='lat' dir='ltr'><strong>ab</strong></span> <span class='ocrx_word' id='word_1_97' title='bbox 1013 1367 1084 1438; x_wconf 87' lang='lat' dir='ltr'><strong>aliis</strong></span> <span class='ocrx_word' id='word_1_98' title='bbox 1107 1388 1212 1452; x_wconf 87' lang='lat' dir='ltr'><strong>prope</strong></span> 
     </span>
     <span class='ocr_line' id='line_1_14' title="bbox 251 1454 1211 1541; baseline 0.003 -22"><span class='ocrx_word' id='word_1_99' title='bbox 251 1454 507 1539; x_wconf 89' lang='lat' dir='ltr'><strong>reprehendendi</strong></span> <span class='ocrx_word' id='word_1_100' title='bbox 530 1455 643 1538; x_wconf 81' lang='lat' dir='ltr'><strong>simus3</strong></span> <span class='ocrx_word' id='word_1_101' title='bbox 665 1455 693 1520; x_wconf 91' lang='lat' dir='ltr'><strong>si</strong></span> <span class='ocrx_word' id='word_1_102' title='bbox 706 1454 837 1520; x_wconf 88' lang='lat' dir='ltr'><strong>Lentuli</strong></span> <span class='ocrx_word' id='word_1_103' title='bbox 849 1455 941 1520; x_wconf 88' lang='lat' dir='ltr'><strong>navis</strong></span> <span class='ocrx_word' id='word_1_104' title='bbox 960 1473 1028 1520; x_wconf 87' lang='lat' dir='ltr'><strong>non</strong></span> <span class='ocrx_word' id='word_1_105' title='bbox 1051 1455 1120 1541; x_wconf 83' lang='lat' dir='ltr'><strong>erit,</strong></span> <span class='ocrx_word' id='word_1_106' title='bbox 1143 1477 1211 1541; x_wconf 90' lang='lat' dir='ltr'><strong>qno</strong></span> 
     </span>
     <span class='ocr_line' id='line_1_15' title="bbox 225 1541 1211 1630; baseline 0.002 -22"><span class='ocrx_word' id='word_1_107' title='bbox 225 1543 312 1608; x_wconf 74' lang='lat' dir='ltr'><strong>cubi</strong></span> <span class='ocrx_word' id='word_1_108' title='bbox 333 1543 484 1629; x_wconf 86' lang='lat' dir='ltr'><strong>placebit,</strong></span> <span class='ocrx_word' id='word_1_109' title='bbox 505 1543 673 1628; x_wconf 89' lang='lat' dir='ltr'><strong>imponito.</strong></span> <span class='ocrx_word' id='word_1_110' title='bbox 710 1541 858 1627; x_wconf 81' lang='lat' dir='ltr'><strong>Tulliola,</strong></span> <span class='ocrx_word' id='word_1_111' title='bbox 880 1541 1044 1608; x_wconf 87' lang='lat' dir='ltr'><strong>deliciolae</strong></span> <span class='ocrx_word' id='word_1_112' title='bbox 1066 1547 1211 1630; x_wconf 83' lang='lat' dir='ltr'><strong>nostrae,</strong></span> 
     </span>
     <span class='ocr_line' id='line_1_16' title="bbox 250 1629 1210 1718; baseline 0 -22"><span class='ocrx_word' id='word_1_113' title='bbox 250 1634 343 1696; x_wconf 88' lang='lat' dir='ltr'><strong>tuum</strong></span> <span class='ocrx_word' id='word_1_114' title='bbox 365 1633 591 1697; x_wconf 89' lang='lat' dir='ltr'><strong>munusculum</strong></span> <span class='ocrx_word' id='word_1_115' title='bbox 612 1629 741 1718; x_wconf 87' lang='lat' dir='ltr'><strong>flagitat</strong></span> <span class='ocrx_word' id='word_1_116' title='bbox 763 1637 796 1696; x_wconf 90' lang='lat' dir='ltr'><strong>et</strong></span> <span class='ocrx_word' id='word_1_117' title='bbox 817 1651 868 1695; x_wconf 87' lang='lat' dir='ltr'><strong>me</strong></span> <span class='ocrx_word' id='word_1_118' title='bbox 882 1633 920 1694; x_wconf 94' lang='lat' dir='ltr'><strong>ut</strong></span> <span class='ocrx_word' id='word_1_119' title='bbox 942 1633 1129 1714; x_wconf 78' lang='lat' dir='ltr'><strong>sponsorem</strong></span> <span class='ocrx_word' id='word_1_120' title='bbox 1152 1653 1210 1716; x_wconf 84' lang='lat' dir='ltr'><strong>up-</strong></span> 
     </span>
     <span class='ocr_line' id='line_1_17' title="bbox 250 1719 1210 1806; baseline 0.002 -22"><span class='ocrx_word' id='word_1_121' title='bbox 250 1719 364 1806; x_wconf 82' lang='lat' dir='ltr'><strong>pellat3</strong></span> <span class='ocrx_word' id='word_1_122' title='bbox 400 1719 480 1786; x_wconf 90' lang='lat' dir='ltr'><strong>mihi</strong></span> <span class='ocrx_word' id='word_1_123' title='bbox 508 1724 616 1786; x_wconf 86' lang='lat' dir='ltr'><strong>autem</strong></span> <span class='ocrx_word' id='word_1_124' title='bbox 643 1719 789 1786; x_wconf 89' lang='lat' dir='ltr'><strong>abiurare</strong></span> <span class='ocrx_word' id='word_1_125' title='bbox 818 1719 934 1784; x_wconf 87' lang='lat' dir='ltr'><strong>certius</strong></span> <span class='ocrx_word' id='word_1_126' title='bbox 962 1723 1012 1784; x_wconf 87' lang='lat' dir='ltr'><strong>est</strong></span> <span class='ocrx_word' id='word_1_127' title='bbox 1034 1729 1132 1806; x_wconf 82' lang='lat' dir='ltr'><strong>quain</strong></span> <span class='ocrx_word' id='word_1_128' title='bbox 1154 1719 1210 1786; x_wconf 90' lang='lat' dir='ltr'><strong>de·</strong></span> 
     </span>
     <span class='ocr_line' id='line_1_18' title="bbox 250 1807 399 1894; baseline 0 -22"><span class='ocrx_word' id='word_1_129' title='bbox 250 1807 399 1894; x_wconf 87' lang='lat' dir='ltr'><strong>pendere.</strong></span> 
     </span>
    </p>
   </div>
   <div class='ocr_carea' id='block_1_3' title="bbox 702 1981 759 2049">
    <p class='ocr_par' dir='ltr' id='par_1_3' title="bbox 702 1981 759 2049">
     <span class='ocr_line' id='line_1_19' title="bbox 702 1981 759 2049; baseline 0.035 -2"><span class='ocrx_word' id='word_1_130' title='bbox 702 1981 759 2049; x_wconf 88' lang='lat' dir='ltr'><strong>IX.</strong></span> 
     </span>
    </p>
   </div>
   <div class='ocr_carea' id='block_1_4' title="bbox 512 2093 941 2264">
    <p class='ocr_par' dir='ltr' id='par_1_4' title="bbox 512 2093 941 2264">
     <span class='ocr_line' id='line_1_20' title="bbox 512 2093 941 2160; baseline 0.009 -4"><span class='ocrx_word' id='word_1_131' title='bbox 512 2102 571 2157; x_wconf 84' lang='lat' dir='ltr'><strong>Sor.</strong></span> <span class='ocrx_word' id='word_1_132' title='bbox 598 2093 707 2158; x_wconf 81' lang='lat' dir='ltr'><strong>Itomae</strong></span> <span class='ocrx_word' id='word_1_133' title='bbox 732 2121 757 2158; x_wconf 88' lang='lat' dir='ltr'><strong>a.</strong></span> <span class='ocrx_word' id='word_1_134' title='bbox 781 2121 809 2160; x_wconf 74' lang='lat' dir='ltr'><strong>a</strong></span> <span class='ocrx_word' id='word_1_135' title='bbox 832 2122 855 2159; x_wconf 84' lang='lat' dir='ltr'><strong>c.</strong></span> <span class='ocrx_word' id='word_1_136' title='bbox 880 2110 941 2160; x_wconf 69' lang='lat' dir='ltr'><strong>cst.</strong></span> 
     </span>
     <span class='ocr_line' id='line_1_21' title="bbox 537 2207 913 2264; baseline 0.005 -2"><span class='ocrx_word' id='word_1_137' title='bbox 537 2207 666 2264; x_wconf 78' lang='lat' dir='ltr'>CICERO</span> <span class='ocrx_word' id='word_1_138' title='bbox 685 2208 818 2264; x_wconf 84' lang='lat' dir='ltr'>ATTICO</span> <span class='ocrx_word' id='word_1_139' title='bbox 838 2209 913 2264; x_wconf 81' lang='lat' dir='ltr'>SAL.</span> 
     </span>
    </p>
   </div>
   <div class='ocr_carea' id='block_1_5' title="bbox 221 2314 1292 3372">
    <p class='ocr_par' dir='ltr' id='par_1_5' title="bbox 224 2314 1292 2928">
     <span class='ocr_line' id='line_1_22' title="bbox 224 2314 1208 2403; baseline 0.007 -27"><span class='ocrx_word' id='word_1_140' title='bbox 224 2333 237 2376; x_wconf 81' lang='lat' dir='ltr'><strong>r</strong></span> <span class='ocrx_word' id='word_1_141' title='bbox 318 2314 464 2382; x_wconf 88' lang='lat' dir='ltr'><strong>Nimium</strong></span> <span class='ocrx_word' id='word_1_142' title='bbox 490 2339 564 2384; x_wconf 83' lang='lat' dir='ltr'><strong>raro</strong></span> <span class='ocrx_word' id='word_1_143' title='bbox 592 2319 687 2384; x_wconf 89' lang='lat' dir='ltr'><strong>nobis</strong></span> <span class='ocrx_word' id='word_1_144' title='bbox 717 2319 775 2382; x_wconf 91' lang='lat' dir='ltr'><strong>abs</strong></span> <span class='ocrx_word' id='word_1_145' title='bbox 802 2321 834 2382; x_wconf 92' lang='lat' dir='ltr'><strong>te</strong></span> <span class='ocrx_word' id='word_1_146' title='bbox 861 2318 987 2383; x_wconf 88' lang='lat' dir='ltr'><strong>litterae</strong></span> <span class='ocrx_word' id='word_1_147' title='bbox 1019 2317 1208 2403; x_wconf 84' lang='lat' dir='ltr'><strong>afferuntur,</strong></span> 
     </span>
     <span class='ocr_line' id='line_1_23' title="bbox 250 2405 1292 2504; baseline 0.003 -35"><span class='ocrx_word' id='word_1_148' title='bbox 250 2425 349 2488; x_wconf 91' lang='lat' dir='ltr'><strong>quum</strong></span> <span class='ocrx_word' id='word_1_149' title='bbox 381 2407 414 2468; x_wconf 90' lang='lat' dir='ltr'><strong>et</strong></span> <span class='ocrx_word' id='word_1_150' title='bbox 444 2405 547 2470; x_wconf 89' lang='lat' dir='ltr'><strong>multo</strong></span> <span class='ocrx_word' id='word_1_151' title='bbox 579 2409 615 2470; x_wconf 93' lang='lat' dir='ltr'><strong>tu</strong></span> <span class='ocrx_word' id='word_1_152' title='bbox 646 2406 773 2476; x_wconf 87' lang='lat' dir='ltr'><strong>facilius</strong></span> <span class='ocrx_word' id='word_1_153' title='bbox 799 2408 953 2490; x_wconf 87' lang='lat' dir='ltr'><strong>reperias,</strong></span> <span class='ocrx_word' id='word_1_154' title='bbox 985 2406 1039 2490; x_wconf 91' lang='lat' dir='ltr'><strong>qui</strong></span> <span class='ocrx_word' id='word_1_155' title='bbox 1065 2405 1207 2471; x_wconf 88' lang='lat' dir='ltr'><strong>Romam</strong></span> <span class='ocrx_word' id='word_1_156' title='bbox 1291 2457 1292 2504; x_wconf 68' lang='lat'><strong>,</strong></span> 
     </span>
     <span class='ocr_line' id='line_1_24' title="bbox 249 2491 1206 2578; baseline 0.005 -23"><span class='ocrx_word' id='word_1_157' title='bbox 249 2491 509 2576; x_wconf 87' lang='lat' dir='ltr'><strong>proficiscantur,</strong></span> <span class='ocrx_word' id='word_1_158' title='bbox 536 2513 634 2577; x_wconf 86' lang='lat' dir='ltr'><strong>quam</strong></span> <span class='ocrx_word' id='word_1_159' title='bbox 660 2514 735 2578; x_wconf 86' lang='lat' dir='ltr'><strong>ego,</strong></span> <span class='ocrx_word' id='word_1_160' title='bbox 762 2494 818 2577; x_wconf 91' lang='lat' dir='ltr'><strong>qui</strong></span> <span class='ocrx_word' id='word_1_161' title='bbox 839 2493 999 2578; x_wconf 86' lang='lat' dir='ltr'><strong>Athenas,</strong></span> <span class='ocrx_word' id='word_1_162' title='bbox 1027 2497 1060 2559; x_wconf 89' lang='lat' dir='ltr'><strong>et</strong></span> <span class='ocrx_word' id='word_1_163' title='bbox 1085 2495 1206 2560; x_wconf 90' lang='lat' dir='ltr'><strong>certius</strong></span> 
     </span>
     <span class='ocr_line' id='line_1_25' title="bbox 248 2578 1207 2667; baseline 0.004 -24"><span class='ocrx_word' id='word_1_164' title='bbox 248 2578 309 2643; x_wconf 91' lang='lat' dir='ltr'><strong>tibi</strong></span> <span class='ocrx_word' id='word_1_165' title='bbox 332 2580 375 2644; x_wconf 92' lang='lat' dir='ltr'><strong>sit</strong></span> <span class='ocrx_word' id='word_1_166' title='bbox 400 2599 452 2643; x_wconf 89' lang='lat' dir='ltr'><strong>me</strong></span> <span class='ocrx_word' id='word_1_167' title='bbox 484 2599 553 2644; x_wconf 87' lang='lat' dir='ltr'><strong>esse</strong></span> <span class='ocrx_word' id='word_1_168' title='bbox 580 2579 718 2664; x_wconf 85' lang='lat' dir='ltr'><strong>Itomae,</strong></span> <span class='ocrx_word' id='word_1_169' title='bbox 750 2602 846 2664; x_wconf 92' lang='lat' dir='ltr'><strong>quam</strong></span> <span class='ocrx_word' id='word_1_170' title='bbox 877 2581 957 2646; x_wconf 90' lang='lat' dir='ltr'><strong>mihi</strong></span> <span class='ocrx_word' id='word_1_171' title='bbox 987 2585 1020 2646; x_wconf 90' lang='lat' dir='ltr'><strong>te</strong></span> <span class='ocrx_word' id='word_1_172' title='bbox 1052 2581 1207 2667; x_wconf 78' lang='lat' dir='ltr'><strong>Athenir;</strong></span> 
     </span>
     <span class='ocr_line' id='line_1_26' title="bbox 248 2667 1291 2751; baseline 0.007 -21"><span class='ocrx_word' id='word_1_173' title='bbox 248 2667 358 2751; x_wconf 91' lang='lat' dir='ltr'><strong>itaque</strong></span> <span class='ocrx_word' id='word_1_174' title='bbox 393 2671 525 2751; x_wconf 88' lang='lat' dir='ltr'><strong>propter</strong></span> <span class='ocrx_word' id='word_1_175' title='bbox 560 2667 645 2733; x_wconf 88' lang='lat' dir='ltr'><strong>hanc</strong></span> <span class='ocrx_word' id='word_1_176' title='bbox 677 2669 910 2734; x_wconf 89' lang='lat' dir='ltr'><strong>dubitationem</strong></span> <span class='ocrx_word' id='word_1_177' title='bbox 940 2691 1046 2734; x_wconf 87' lang='lat' dir='ltr'><strong>meam</strong></span> <span class='ocrx_word' id='word_1_178' title='bbox 1076 2669 1208 2737; x_wconf 79' lang='lat' dir='ltr'><strong>brevior</strong></span> <span class='ocrx_word' id='word_1_179' title='bbox 1290 2719 1291 2722; x_wconf 63' lang='lat'><strong>,</strong></span> 
     </span>
     <span class='ocr_line' id='line_1_27' title="bbox 249 2753 1291 2844; baseline 0.005 -24"><span class='ocrx_word' id='word_1_180' title='bbox 249 2754 330 2820; x_wconf 85' lang='lat' dir='ltr'><strong>haec</strong></span> <span class='ocrx_word' id='word_1_181' title='bbox 352 2755 424 2838; x_wconf 84' lang='lat' dir='ltr'><strong>ipss</strong></span> <span class='ocrx_word' id='word_1_182' title='bbox 447 2756 583 2839; x_wconf 90' lang='lat' dir='ltr'><strong>epistola</strong></span> <span class='ocrx_word' id='word_1_183' title='bbox 606 2761 668 2839; x_wconf 89' lang='lat' dir='ltr'><strong>est,</strong></span> <span class='ocrx_word' id='word_1_184' title='bbox 691 2757 785 2842; x_wconf 89' lang='lat' dir='ltr'><strong>quod,</strong></span> <span class='ocrx_word' id='word_1_185' title='bbox 808 2779 906 2842; x_wconf 89' lang='lat' dir='ltr'><strong>quum</strong></span> <span class='ocrx_word' id='word_1_186' title='bbox 927 2759 1068 2824; x_wconf 88' lang='lat' dir='ltr'><strong>incertus</strong></span> <span class='ocrx_word' id='word_1_187' title='bbox 1092 2779 1206 2844; x_wconf 88' lang='lat' dir='ltr'><strong>assem,</strong></span> <span class='ocrx_word' id='word_1_188' title='bbox 1290 2753 1291 2779; x_wconf 69' lang='lat'>³</span> 
     </span>
     <span class='ocr_line' id='line_1_28' title="bbox 248 2843 1205 2928; baseline 0.005 -22"><span class='ocrx_word' id='word_1_189' title='bbox 248 2843 306 2906; x_wconf 88' lang='lat' dir='ltr'><strong>ubi</strong></span> <span class='ocrx_word' id='word_1_190' title='bbox 328 2864 427 2928; x_wconf 88' lang='lat' dir='ltr'><strong>esses,</strong></span> <span class='ocrx_word' id='word_1_191' title='bbox 454 2844 605 2909; x_wconf 90' lang='lat' dir='ltr'><strong>nolebam</strong></span> <span class='ocrx_word' id='word_1_192' title='bbox 631 2845 723 2909; x_wconf 90' lang='lat' dir='ltr'><strong>illum</strong></span> <span class='ocrx_word' id='word_1_193' title='bbox 750 2849 897 2910; x_wconf 90' lang='lat' dir='ltr'><strong>nostrum</strong></span> <span class='ocrx_word' id='word_1_194' title='bbox 924 2846 1116 2910; x_wconf 82' lang='lat' dir='ltr'><strong>familiarem</strong></span> <span class='ocrx_word' id='word_1_195' title='bbox 1139 2868 1205 2912; x_wconf 88' lang='lat' dir='ltr'><strong>ser-</strong></span> 
     </span>
    </p>

    <p class='ocr_par' dir='ltr' id='par_1_6' title="bbox 221 2931 1289 3372">
     <span class='ocr_line' id='line_1_29' title="bbox 221 2931 1205 3019; baseline 0.006 -25"><span class='ocrx_word' id='word_1_196' title='bbox 221 2947 378 2996; x_wconf 81' lang='lat' dir='ltr'><strong>2monem</strong></span> <span class='ocrx_word' id='word_1_197' title='bbox 399 2931 435 2995; x_wconf 90' lang='lat' dir='ltr'><strong>in</strong></span> <span class='ocrx_word' id='word_1_198' title='bbox 458 2931 579 2998; x_wconf 87' lang='lat' dir='ltr'><strong>alienas</strong></span> <span class='ocrx_word' id='word_1_199' title='bbox 602 2955 716 2998; x_wconf 88' lang='lat' dir='ltr'><strong>manus</strong></span> <span class='ocrx_word' id='word_1_200' title='bbox 731 2934 889 2999; x_wconf 84' lang='lat' dir='ltr'><strong>devenire.</strong></span> <span class='ocrx_word' id='word_1_201' title='bbox 925 2931 1026 3019; x_wconf 85' lang='lat' dir='ltr'><strong>Signa</strong></span> <span class='ocrx_word' id='word_1_202' title='bbox 1039 2933 1205 3019; x_wconf 87' lang='lat' dir='ltr'><strong>Megarica</strong></span> 
     </span>
     <span class='ocr_line' id='line_1_30' title="bbox 249 3018 1204 3107; baseline 0.005 -25"><span class='ocrx_word' id='word_1_203' title='bbox 249 3022 282 3082; x_wconf 90' lang='lat' dir='ltr'><strong>et</strong></span> <span class='ocrx_word' id='word_1_204' title='bbox 303 3018 450 3103; x_wconf 87' lang='lat' dir='ltr'><strong>Hermas,</strong></span> <span class='ocrx_word' id='word_1_205' title='bbox 473 3020 512 3083; x_wconf 89' lang='lat' dir='ltr'><strong>de</strong></span> <span class='ocrx_word' id='word_1_206' title='bbox 536 3020 651 3104; x_wconf 89' lang='lat' dir='ltr'><strong>quibus</strong></span> <span class='ocrx_word' id='word_1_207' title='bbox 670 3021 711 3085; x_wconf 91' lang='lat' dir='ltr'><strong>ad</strong></span> <span class='ocrx_word' id='word_1_208' title='bbox 734 3043 785 3086; x_wconf 87' lang='lat' dir='ltr'><strong>me</strong></span> <span class='ocrx_word' id='word_1_209' title='bbox 809 3023 974 3107; x_wconf 87' lang='lat' dir='ltr'><strong>scripsisti,</strong></span> <span class='ocrx_word' id='word_1_210' title='bbox 996 3022 1204 3088; x_wconf 85' lang='lat' dir='ltr'><strong>vehementer</strong></span> 
     </span>
     <span class='ocr_line' id='line_1_31' title="bbox 247 3104 1203 3198; baseline 0.004 -27"><span class='ocrx_word' id='word_1_211' title='bbox 247 3111 406 3192; x_wconf 86' lang='lat' dir='ltr'><strong>exspecto.</strong></span> <span class='ocrx_word' id='word_1_212' title='bbox 446 3104 607 3192; x_wconf 79' lang='lat' dir='ltr'><strong>Quidquid</strong></span> <span class='ocrx_word' id='word_1_213' title='bbox 635 3109 776 3174; x_wconf 91' lang='lat' dir='ltr'><strong>eiusdem</strong></span> <span class='ocrx_word' id='word_1_214' title='bbox 804 3111 931 3195; x_wconf 86' lang='lat' dir='ltr'><strong>generis</strong></span> <span class='ocrx_word' id='word_1_215' title='bbox 956 3109 1106 3194; x_wconf 87' lang='lat' dir='ltr'><strong>habebis,</strong></span> <span class='ocrx_word' id='word_1_216' title='bbox 1133 3111 1203 3198; x_wconf 86' lang='lat' dir='ltr'><strong>dig·</strong></span> 
     </span>
     <span class='ocr_line' id='line_1_32' title="bbox 246 3195 1203 3283; baseline 0.007 -25"><span class='ocrx_word' id='word_1_217' title='bbox 246 3215 325 3258; x_wconf 88' lang='lat' dir='ltr'><strong>num</strong></span> <span class='ocrx_word' id='word_1_218' title='bbox 354 3195 529 3260; x_wconf 85' lang='lat' dir='ltr'><strong>Academia</strong></span> <span class='ocrx_word' id='word_1_219' title='bbox 555 3196 616 3261; x_wconf 93' lang='lat' dir='ltr'><strong>tibi</strong></span> <span class='ocrx_word' id='word_1_220' title='bbox 646 3198 732 3280; x_wconf 91' lang='lat' dir='ltr'><strong>quod</strong></span> <span class='ocrx_word' id='word_1_221' title='bbox 763 3197 936 3283; x_wconf 85' lang='lat' dir='ltr'><strong>videbitur,</strong></span> <span class='ocrx_word' id='word_1_222' title='bbox 971 3219 1013 3264; x_wconf 90' lang='lat' dir='ltr'><strong>ne</strong></span> <span class='ocrx_word' id='word_1_223' title='bbox 1045 3198 1203 3264; x_wconf 88' lang='lat' dir='ltr'><strong>dubitaris</strong></span> 
     </span>
     <span class='ocr_line' id='line_1_33' title="bbox 245 3283 1203 3372; baseline 0.005 -25"><span class='ocrx_word' id='word_1_224' title='bbox 245 3283 373 3348; x_wconf 87' lang='lat' dir='ltr'><strong>mittere</strong></span> <span class='ocrx_word' id='word_1_225' title='bbox 396 3285 430 3349; x_wconf 92' lang='lat' dir='ltr'><strong>et</strong></span> <span class='ocrx_word' id='word_1_226' title='bbox 452 3305 544 3349; x_wconf 86' lang='lat' dir='ltr'><strong>arcae</strong></span> <span class='ocrx_word' id='word_1_227' title='bbox 572 3290 703 3350; x_wconf 90' lang='lat' dir='ltr'><strong>nostrae</strong></span> <span class='ocrx_word' id='word_1_228' title='bbox 727 3286 892 3352; x_wconf 85' lang='lat' dir='ltr'><strong>confidito:</strong></span> <span class='ocrx_word' id='word_1_229' title='bbox 925 3299 1027 3372; x_wconf 85' lang='lat' dir='ltr'><strong>genus</strong></span> <span class='ocrx_word' id='word_1_230' title='bbox 1058 3286 1121 3351; x_wconf 89' lang='lat' dir='ltr'><strong>hoc</strong></span> <span class='ocrx_word' id='word_1_231' title='bbox 1153 3292 1203 3354; x_wconf 87' lang='lat' dir='ltr'><strong>est</strong></span> 
     </span>
    </p>
   </div>
   <div class='ocr_carea' id='block_1_6' title="bbox 243 3507 1203 3652">
    <p class='ocr_par' dir='ltr' id='par_1_7' title="bbox 243 3465 1288 3652">
     <span class='ocr_line' id='line_1_34' title="bbox 315 3507 1203 3584; baseline 0.004 -20"><span class='ocrx_word' id='word_1_232' title='bbox 315 3507 367 3580; x_wconf 85' lang='lat' dir='ltr'><strong>Ep.</strong></span> <span class='ocrx_word' id='word_1_233' title='bbox 387 3515 417 3578; x_wconf 85' lang='lat'><strong>8,</strong></span> <span class='ocrx_word' id='word_1_234' title='bbox 430 3515 456 3564; x_wconf 76' lang='lat'><strong>2.</strong></span> <span class='ocrx_word' id='word_1_235' title='bbox 493 3512 546 3566; x_wconf 77' lang='lat' dir='ltr'><strong>loci</strong></span> <span class='ocrx_word' id='word_1_236' title='bbox 563 3511 619 3546; x_wconf 67' lang='lat'>*²¹³*</span> <span class='ocrx_word' id='word_1_237' title='bbox 637 3517 662 3566; x_wconf 84' lang='lat' dir='ltr'><strong>ct</strong></span> <span class='ocrx_word' id='word_1_238' title='bbox 684 3511 751 3580; x_wconf 82' lang='lat' dir='ltr'>(W.)</span> <span class='ocrx_word' id='word_1_239' title='bbox 774 3511 806 3580; x_wconf 77' lang='lat' dir='ltr'><strong>t,</strong></span> <span class='ocrx_word' id='word_1_240' title='bbox 827 3528 905 3582; x_wconf 75' lang='lat' dir='ltr'><strong>quem</strong></span> <span class='ocrx_word' id='word_1_241' title='bbox 926 3514 982 3581; x_wconf 81' lang='lat' dir='ltr'><strong>(tu)</strong></span> <span class='ocrx_word' id='word_1_242' title='bbox 1003 3527 1060 3569; x_wconf 77' lang='lat' dir='ltr'><strong>roo</strong></span> <span class='ocrx_word' id='word_1_243' title='bbox 1081 3514 1203 3584; x_wconf 60' lang='lat' dir='ltr'><strong>morus,</strong></span> 
     </span>
     <span class='ocr_line' id='line_1_35' title="bbox 243 3580 783 3652; baseline 0 -16"><span class='ocrx_word' id='word_1_244' title='bbox 243 3580 269 3636; x_wconf 72' lang='lat' dir='ltr'><strong>d</strong></span> <span class='ocrx_word' id='word_1_245' title='bbox 287 3580 332 3634; x_wconf 80' lang='lat' dir='ltr'><strong>rel</strong></span> <span class='ocrx_word' id='word_1_246' title='bbox 350 3581 378 3648; x_wconf 80' lang='lat' dir='ltr'><strong>t,</strong></span> <span class='ocrx_word' id='word_1_247' title='bbox 395 3595 473 3650; x_wconf 77' lang='lat' dir='ltr'><strong>quem</strong></span> <span class='ocrx_word' id='word_1_248' title='bbox 489 3585 546 3651; x_wconf 79' lang='lat' dir='ltr'><strong>(tu)</strong></span> <span class='ocrx_word' id='word_1_249' title='bbox 562 3583 643 3651; x_wconf 79' lang='lat' dir='ltr'><strong>nosti,</strong></span> <span class='ocrx_word' id='word_1_250' title='bbox 662 3588 688 3637; x_wconf 84' lang='lat' dir='ltr'><strong>et</strong></span> <span class='ocrx_word' id='word_1_251' title='bbox 706 3582 783 3652; x_wconf 84' lang='lat' dir='ltr'><strong>(W,).</strong></span> 
     </span>
    </p>
   </div>
   <div class='ocr_carea' id='block_1_7' title="bbox 0 0 1308 3972">
    <p class='ocr_par' dir='ltr' id='par_1_8' title="bbox 0 0 1308 3972">
     <span class='ocr_line' id='line_1_36' title="bbox 0 0 1308 3972; baseline 0 3"><span class='ocrx_word' id='word_1_252' title='bbox 0 0 1308 3972; x_wconf 95' lang='lat' dir='ltr'><strong> </strong></span> 
     </span>
    </p>
   </div>
  </div>
 </body>
</html>
