2608 3972
119 165 121 172 ’
212 147 257 212 40
496 147 534 202 Μ.
554 145 677 202 TULLII
695 145 886 203 CICERONIS

212 311 264 356 me
287 311 389 358 unum
410 294 448 357 ut
470 251 583 358 omnes
603 291 653 356 illi
675 291 794 356 uolent
828 289 921 356 Nihil
942 291 1008 356 iem
1031 289 1174 376 denique

213 399 306 444 eme
329 401 479 465 asperum
499 379 536 444 in
557 399 751 464 quemquam
776 379 828 464 fit,
854 400 915 444 neo
941 383 1052 444 tomen
1079 379 1172 464 quid·

213 487 310 554 quum
336 469 492 554 populere
519 487 557 532 ue
588 466 794 550 dissolutum,
829 468 885 532 sed
914 468 962 531 itu
989 470 1174 551 temperato

211 559 284 621 totu
296 556 380 622 rotie
394 559 453 640 est,
474 559 513 621 ut
530 555 577 620 rei
599 555 747 640 publicae
761 555 978 621 constentiam
999 559 1174 640 praestem,

211 644 346 730 privetis
367 643 464 710 rebus
491 644 572 709 meis
598 647 732 729 propter
757 643 979 709 infirmitetem
999 643 1175 730 bonorum,

211 731 1174 905 tritum&inpoenitentium

212 907 259 972 its
280 911 390 974 tomen
405 842 483 974 Istis
505 908 599 974 novis
626 907 776 973 amicitiis
803 839 959 992 implieguti
982 869 1106 992 surius,
1133 911 1174 972 ut
1294 946 1295 954 1

213 995 325 1062 erebro
348 996 428 1062 mihi
450 996 540 1063 refer
552 997 607 1062 ille
622 993 748 1063 Sieulus
761 995 941 1064 insusurret
954 993 1174 1081 Epicharmus
1203 1073 1206 1080 ἢ
1294 1021 1295 1070 3

212 1085 408 1151 mutilenem
429 1084 519 1150 illum
542 1105 648 1150 suem:

212 1242 299 1326 νᾶφε
311 1240 368 1308 nat
381 1236 521 1326 ps'uvoeu’
535 1236 697 1308 ἀπιστεῖν·
711 1238 825 1328 ἄρθρα
837 1242 941 1307 ταῦτα
953 1241 1017 1308 τᾶν
1025 1242 1173 1326 φρενῶν.
1221 1251 1225 1258 ’
1294 1251 1295 1288 l

212 1398 261 1465 Ao
283 1402 414 1466 nostroe
428 1399 558 1484 quidem
579 1400 715 1468 rationis
730 1421 768 1466 ee
782 1400 868 1465 vitoe
891 1401 984 1486 quusi
1006 1400 1172 1485 quondam

184 1485 366 1572 sturmium,
394 1490 432 1554 ut
458 1488 588 1574 opinor,
614 1489 712 1554 vides.
747 1487 798 1553 De
825 1491 883 1553 tuo
906 1491 1014 1554 eutem
1037 1488 1172 1574 negotio

212 1575 362 1728 {tiit
374 1575 1172 1748 ttsitiiuttitttitttttpttffl

211 1751 388 1836 voluntate,
410 1751 530 1816 nullius
548 1761 697 1828 nostrum
711 1751 902 1818 auctoritate
925 1751 1061 1817 foetum:
1083 1773 1172 1837 nem,

212 1838 299 1924 quod
321 1859 372 1904 me
394 1838 495 1905 fuisse
518 1840 559 1904 ed
583 1839 787 1906 scribendum
800 1838 899 1924 vides,
921 1861 960 1904 ex
981 1840 1053 1925 ipso
1077 1861 1171 1906 seno·

210 1929 264 1992 tus
287 1926 435 1992 consulto
458 1927 639 2013 intelligere
666 1931 760 2013 potes
787 1927 884 1992 elium
905 1949 974 1994 rem
996 1930 1066 1992 tum
1088 1929 1171 1992 rela-

210 2017 292 2099 tum,
322 2014 385 2081 hoo
407 2017 516 2080 autem
539 2014 578 2080 de
606 2015 734 2101 populis
761 2015 871 2080 liberis
898 2016 968 2081 sine
995 2036 1093 2081 eausa
1115 2016 1171 2082 ed·

211 2101 329 2188 diium,
356 2106 389 2167 et
410 2103 457 2168 Ite
479 2102 602 2170 foetum
624 2108 674 2168 est
697 2125 717 2168 e
738 2101 774 2166 P.
797 2103 929 2168 Servilio
952 2101 1035 2188 filio,
1057 2103 1112 2187 qui
1133 2104 1172 2168 in

210 2192 382 2276 postremis
405 2191 600 2258 sententiam
623 2189 717 2274 dixit,
740 2189 797 2255 sed
819 2191 983 2256 immutari
1004 2192 1067 2257 hoo
1089 2194 1171 2256 tem-
1295 2195 1296 2264 t

210 2301 288 2364 pore
301 2299 370 2344 non
383 2284 504 2364 potest:
522 2280 630 2363 iisque
645 2283 832 2364 conventus,
854 2279 910 2364 qui
923 2279 1016 2344 initio
1030 2279 1172 2344 eelebre-
1295 2293 1296 2368 j

210 2364 343 2448 bantur,
381 2367 504 2432 iamdiu
533 2367 604 2432 fieri
640 2367 820 2449 desierunt3
853 2369 891 2432 tu
921 2367 951 2434 si
981 2367 1059 2432 tuis·
1077 2366 1170 2432 blen-

211 2452 298 2516 ditiie
325 2457 435 2516 tomen
462 2475 483 2518 o
510 2451 669 2537 Sicyoniis
699 2456 940 2521 nummulorum
969 2453 1089 2538 aliquid
1117 2477 1172 2520 ex·

172 2540 376 2624 represseris,
397 2540 494 2604 velim
508 2562 559 2604 me
573 2541 674 2606 facies
689 2542 866 2608 certiorem
894 2540 1171 2608 Commentarium

212 2627 399 2693 consulatus
426 2628 489 2693 mei
516 2625 636 2694 Graece
664 2630 878 2713 compositum
901 2631 974 2696 misi
997 2631 1038 2699 ad
1060 2634 1107 2714 te,
1133 2631 1171 2696 in

211 2735 275 2798 quo
299 2714 327 2778 si
350 2715 427 2798 quid
452 2715 526 2800 erit,
553 2717 640 2801 quod
661 2717 786 2783 homini
808 2718 919 2786 Attiou
942 2718 1049 2784 minus
1071 2716 1170 2784 Grae·

211 2822 285 2869 oum
308 2801 532 2888 eruditumque
560 2805 721 2891 videatur,
751 2827 819 2872 non
842 2807 959 2890 dicum,
987 2807 1073 2891 quod
1099 2807 1171 2892 tibi,

211 2894 249 2956 ut
261 2890 386 2976 opinor,
407 2890 562 2958 Panormi
575 2893 729 2960 Lueullus
743 2893 782 2959 de
796 2895 862 2960 suis
875 2895 1019 2960 historiis
1037 2895 1171 2982 dixerut,

212 2999 255 3064 se,
278 3000 342 3064 quo
356 2979 483 3046 facilius
501 2979 574 3046 illes
595 2984 750 3066 probaret
763 2981 903 3048 Romani
924 2981 1067 3048 hominis
1090 3005 1171 3068 esse,

281 3185 334 3256 Ep.
355 3194 401 3256 lo,
424 3193 449 3243 8.
481 3192 571 3244 tamen
594 3189 656 3244 istis
672 3191 751 3245 nouis
769 3190 845 3258 (W.).
877 3195 967 3246 tamen
987 3192 1014 3246 ei
1037 3191 1076 3247 eie
1092 3191 1170 3248 112.

210 3257 318 3311 temese·
335 3259 374 3312 ees
390 3271 419 3312 u.
438 3256 506 3324 Ple„
523 3259 555 3326 1.‚
573 3258 623 3314 sed
640 3275 675 3314 ee
692 3261 758 3316 eius.
776 3265 867 3317 tamen
879 3261 922 3316 tis
935 3277 962 3316 11.
978 3261 1025 3316 1Β.
1044 3292 1080 3302 -
1097 3261 1171 3332 Epi-

211 3325 338 3382 charmus
354 3328 448 3398 vulgo.
468 3327 531 3399 [E]
549 3345 596 3398 m,
615 3328 671 3398 Or„
689 3329 720 3385 B.
757 3335 782 3386 9.
800 3329 887 3398 seium
900 3331 938 3385 ud
950 3346 1003 3388 eor.
1021 3331 1069 3400 (W
1070 3335 1096 3402 .).
1116 3348 1171 3389 esee

210 3395 249 3450 aei
265 3410 287 3450 ε.
305 3396 401 3466 vulgo.
421 3421 454 3444 -ι
472 3403 499 3453 et
511 3398 543 3453 id
559 3399 602 3455 itu
618 3399 640 3466 s.
659 3399 747 3470 (ΝΜ
765 3404 791 3456 et
806 3401 871 3468 icis.
887 3401 993 3472 (Empe
1030 3402 1170 3459 10.Pon·

210 3465 282 3521 ormi
300 3465 415 3534 (vulgo).
436 3466 590 3524 Panhormi
607 3468 653 3524 Or.
671 3470 716 3542 11.‚
733 3469 766 3526 Β.
