2510 3958
265 223 330 286 268
552 221 590 276 Μ.
609 219 733 275 TULLII
752 218 942 276 CICERONIS

266 370 323 431 aut
345 366 422 450 quid
445 364 486 430 ad
500 386 572 430 eam
586 385 676 448 spem
690 367 739 428 est
761 363 889 447 parati?
910 385 978 428 non
997 383 1075 448 ager
1089 361 1226 426 Picenus

266 453 425 518 amissus?
464 474 533 518 non
574 452 774 536 patefactum
807 451 870 516 iter
905 451 947 516 ad
982 451 1123 516 urbem?
1165 473 1224 515 non

265 542 402 626 pecunia
438 541 544 607 omnis
580 544 613 606 ct
648 540 777 624 publica
810 542 844 604 et
879 539 1006 623 priuata
1042 540 1225 604 adversario

265 629 408 695 tradita?
438 629 576 713 denique
607 628 699 693 nulla
725 649 836 710 causa,
866 629 975 692 nullae
1006 628 1109 711 vires,
1143 629 1226 690 nulla

149 765 154 776 .
267 718 372 801 sedes,
394 739 460 802 quo
481 720 685 800 concurrant,
707 717 853 800 quirem
875 716 1038 798 publicam
1060 715 1225 780 defensam

266 806 379 871 velint:
416 804 537 889 Apulia
564 805 688 869 delecta
709 807 771 887 est,
802 803 992 868 inanissima
1014 825 1091 887 pars
1116 803 1225 868 Italics

267 899 300 959 et
322 895 363 958 ab
386 894 509 978 impetu
530 892 627 958 huius
650 892 727 958 belli
742 892 969 974 remotissima3
991 891 1073 976 fuga
1087 895 1124 956 et
1137 892 1225 954 mari·

183 996 191 1012 ·
266 983 347 1047 tima
376 981 603 1066 opportunitas
625 981 696 1045 visa
718 979 829 1064 quaeri
851 979 1084 1062 desparatione.
1126 979 1238 1068 Qll-

267 1071 337 1154 cepi
355 1068 510 1166 Gap,uam
531 1090 600 1133 non
622 1090 686 1152 quo
709 1089 826 1132 munus
848 1067 930 1132 illud
952 1067 1154 1152 defugerem,
1177 1067 1225 1131 sed

66 1181 77 1238 l
157 1114 302 1264 ,ldi'm
325 1180 363 1222 ea
385 1179 496 1241 causa,
527 1157 649 1240 inqua
676 1157 784 1223 nullus
812 1159 897 1220 esset
924 1156 1087 1240 ordinum,
1122 1157 1225 1220 nullus

82 1277 149 1360 f*
224 1215 398 1330 3apertus
433 1246 633 1330 privatorum
669 1244 774 1326 dolor,
808 1242 970 1308 bonorum
1001 1247 1114 1309 autern
1148 1249 1225 1307 esset

50 1310 77 1406 ᾖ
268 1334 393 1418 aliquis,
416 1334 472 1398 sed
493 1333 603 1416 hebes,
625 1335 663 1397 ut
684 1333 780 1414 solet,
802 1334 849 1414 et,
871 1335 909 1395 ut
930 1333 999 1415 ipse
1023 1334 1123 1417 sensi,
1147 1337 1224 1396 esset

267 1422 440 1488 multitudo
464 1425 498 1486 et
518 1421 649 1486 infimus
672 1421 806 1504 quisque
830 1441 1010 1504 propensus
1033 1421 1069 1484 in
1092 1423 1222 1486 alteram

241 1514 407 1594 spartem,
437 1509 532 1574 multi
563 1509 753 1574 mutationis
779 1528 888 1572 rerum
914 1509 1031 1591 cupidi:
1067 1509 1137 1576 din·
1168 1510 1223 1593 ipsi

267 1619 319 1662 me
332 1599 415 1662 nihil
429 1601 652 1681 suscepturum
671 1597 740 1661 sine
761 1596 922 1680 praesidio
937 1601 971 1660 et
983 1597 1053 1661 sine
1077 1600 1222 1681 pecunia3

267 1686 376 1769 itaque
398 1686 499 1751 habui
522 1685 759 1750 nihilomnino
786 1685 923 1769 negotii,
954 1685 1041 1768 quod
1069 1686 1111 1751 ab
1135 1687 1222 1750 initio

267 1773 334 1837 ridi
355 1773 438 1838 nihil
461 1773 571 1858 quaeri
593 1777 721 1857 praeter
747 1773 869 1856 fugam.
913 1771 996 1837 Eam
1019 1773 1047 1837 si
1070 1796 1160 1840 nunc
1182 1795 1221 1838 se·
1248 1815 1249 1830 2

269 1883 359 1945 quor,
382 1861 545 1946 quonam?
567 1883 640 1926 cum
653 1862 709 1926 illo
724 1883 805 1943 non3
829 1860 870 1924 ad
891 1882 986 1943 quem
1001 1883 1102 1945 quum
1124 1884 1221 1927 essem

267 1949 445 2034 profectus,
476 1949 615 2034 cognovi
640 1950 676 2013 in
702 1949 742 2013 iis
768 1948 847 2014 locis
874 1971 944 2014 esse
975 1947 1160 2034 Caesarem,
1190 1955 1221 2014 ut

266 2041 339 2103 tuto
354 2037 522 2103 Luceriam
535 2038 645 2102 venire
663 2057 731 2102 non
752 2057 895 2121 possem:
917 2038 1022 2103 infero
1036 2040 1119 2104 mari
1132 2040 1220 2104 nohis
1247 2097 1248 2120 ,

168 2166 173 2177 ·
267 2126 391 2192 incerto
414 2147 517 2208 cursu,
539 2125 644 2190 hieme
667 2125 806 2189 maxima
824 2125 1045 2208 navigandum
1064 2132 1124 2192 est.
1154 2127 1219 2211 Age

267 2214 341 2293 iam,
364 2235 438 2279 oum
459 2214 560 2278 fratrc
583 2234 625 2276 an
640 2213 708 2278 sine
723 2233 848 2278 cocum
870 2213 960 2278 filio?
983 2235 1026 2278 an
1040 2215 1219 2298 quomodo?

267 2302 303 2366 in
325 2306 460 2386 utraque
483 2302 571 2366 enim
592 2323 627 2365 re
650 2323 775 2366 summa
795 2300 967 2365 difficultas
990 2303 1060 2387 erit,
1083 2325 1219 2368 summus
1246 2365 1247 2380 ,

269 2390 368 2455 animi
391 2392 491 2456 dolor.
536 2388 599 2463 Qui
621 2391 730 2456 autem
751 2389 891 2471 impetus
914 2390 1000 2454 illius
1024 2391 1087 2456 erit
1108 2392 1143 2455 in
1165 2412 1217 2454 nos

268 2476 418 2542 absentes
431 2479 642 2560 fortrmasque
656 2477 808 2542 nostras?
828 2477 932 2542 acrior
946 2499 1044 2561 quam
1056 2479 1093 2544 in
1108 2483 1218 2544 cetero-

267 2586 353 2649 rum,
384 2567 470 2651 quod
495 2565 624 2650 putabit
652 2565 790 2630 fortasse
813 2564 848 2628 in
870 2565 964 2630 nobis
988 2566 1146 2632 violandis
1169 2567 1217 2630 ali·
1245 2615 1246 2644 2

268 2652 346 2737 quid
368 2675 401 2718 se
423 2653 542 2720 habere
564 2653 728 2738 populare.
773 2652 846 2737 Age
867 2653 942 2736 iam,
964 2654 1024 2718 has
1047 2655 1217 2740 compedes,

267 2741 382 2827 fasces,
402 2743 545 2826 inquam,
567 2743 628 2806 hos
650 2742 809 2806 laureatos
832 2741 943 2806 efferre
958 2763 996 2806 ex
1009 2741 1108 2808 Italia
1129 2763 1216 2826 quam

267 2830 441 2896 molestum
462 2832 523 2896 esti
547 2830 602 2915 qui
625 2833 733 2894 autem
754 2830 844 2894 locus
866 2830 928 2893 erit
950 2831 1045 2895 nobis
1067 2836 1165 2914 tutus,
1186 2834 1217 2894 ut

267 2919 334 2984 iam
354 2919 490 3005 placatis
512 2923 643 2984 utamur
671 2917 835 3000 fluctibus,
866 2921 1040 3001 antequam
1067 2921 1108 2984 ad
1133 2920 1215 2983 illum

240 3007 471 3074 ‘venerimusl
494 3029 558 3091 qua
580 3010 688 3071 autem
711 3009 768 3070 aut
790 3027 868 3090 quo,
889 3006 972 3069 nihil
994 3007 1138 3072 sciemus.
1168 3006 1215 3085 At,

268 3097 296 3162 si
318 3097 466 3162 restitero
490 3099 524 3160 et
544 3095 642 3160 fuerit
655 3094 750 3159 nobis
763 3094 799 3157 in
820 3094 883 3159 hae
905 3097 996 3177 parte
1019 3095 1119 3180 locus,
1138 3095 1214 3158 idem
1243 3157 1244 3182 ,

266 3186 388 3270 fecero,
418 3185 505 3269 quod
531 3185 567 3248 in
589 3179 712 3247 Cinnae
739 3181 957 3247 dominatione
986 3181 1024 3247 L.
1046 3183 1213 3267 Philippus,
1243 3183 1244 3267 l

338 3341 390 3412 Ep.
409 3347 439 3411 8,
458 3347 484 3395 4.
516 3341 610 3394 Incite
627 3338 774 3412 (M2‚‚RI.‚
797 3340 903 3409 vulgo).
934 3341 1002 3406 'sin
1019 3347 1044 3394 ts
1062 3339 1120 3406 Ml,
1138 3339 1166 3392 B.
1183 3365 1211 3416 ‘.
1242 3385 1243 3388 ,

267 3411 681 3479 aeci,met(01.;1.sena).
713 3411 853 3464 amsissem
869 3411 963 3479 vulgo.
982 3439 1018 3450 -
1036 3411 1141 3479 capidi:
1158 3409 1210 3463 diss
1242 3413 1243 3450 ἒ

269 3483 385 3551 (vulgo).
410 3499 442 3546 a,
460 3483 486 3536 a.
505 3480 629 3545 nicaei..
648 3479 683 3562 {³2
730 3487 754 3534 s.
785 3481 1026 3603 summ(u1p.).
1054 3482 1148 3536 samus
1165 3477 1210 3546 (a,
1242 3455 1243 3529 l

268 3551 383 3619 sulgon
419 3557 444 3605 6.
463 3551 532 3604 doen.
550 3551 585 3606 L.
605 3550 754 3618 Ptrlsppus
772 3550 821 3618 (1.).
844 3551 870 3606 d.
891 3551 925 3606 P.
943 3568 981 3606 vu
993 3567 1037 3620 go.
