2574 3966
217 260 481 315 EPISTOLARUM
498 260 548 314 AD
567 259 654 314 ΑΤΤΙ
656 259 732 315 CUM
749 261 858 314 XI.16.
880 267 920 314 17
978 259 1045 324 403

83 425 187 506 agam
209 407 264 470 aut
249 405 391 469 tubi
367 428 441 488 sun,
472 426 540 470 non
559 405 700 488 reperio3
722 404 773 469 sin
794 405 897 470 iactor
919 408 977 470 aut
997 426 1045 469 re·

83 492 187 576 iicior,
209 514 246 558 eo
261 495 385 595 minus3
408 494 516 576 itaque
530 497 604 558 tuas
627 493 751 558 litteras
766 497 914 576 exspecto
929 515 1074 578 easque

82 585 123 644 ut
137 581 179 644 ad
193 603 242 644 me
257 581 327 646 sine
341 581 543 648 dubitatione
559 581 679 646 scribas
697 601 787 666 rogo.
815 581 907 656 Quod
922 582 1045 664 suades,
1059 599 1073 638 ι

82 672 122 732 ιιι
147 669 188 732 ad
211 667 366 744 Quintum
391 670 528 734 scribam
552 669 634 733 de''
605 691 653 740 ,us
675 669 805 754 litteris,
835 669 988 753 facerem,
1019 672 1047 734 si

82 779 139 821 me
164 757 337 842 quidquam
359 758 441 822 istae
459 759 585 822 litterae
599 757 808 840 delectarent,
832 758 893 822 etsi
916 759 1046 842 quidam

84 846 216 930 scripsit
243 847 284 910 ad
311 868 363 910 me
391 846 441 912 his
464 847 584 912 verbis:
619 867 713 931 „ego,
740 849 777 910 ut
802 845 839 908 in
865 845 917 910 his
943 847 1047 931 malis,

83 933 193 998 Patris
217 956 287 1001 sum
311 955 378 1000 non
401 934 536 1019 invitus,
569 956 671 1000 essem
698 935 864 1018 libentius,
897 935 925 998 si
946 934 1047 998 frater

83 1029 163 1086 tuus
187 1044 225 1086 ea
248 1024 286 1087 de
308 1026 342 1086 te
364 1024 562 1106 loqueretur,
585 1045 665 1106 quae
689 1043 749 1108 ego
773 1022 883 1086 audire
905 1021 1047 1086 vellem.“

86 1109 181 1185 Quod
205 1111 252 1176 ais
274 1111 366 1178 illum
390 1111 430 1176 ad
446 1114 478 1175 te
493 1111 631 1176 scribere
645 1133 696 1176 me
711 1111 772 1175 sibi
794 1111 900 1175 nullas
922 1111 1047 1174 litteras

83 1200 264 1284 remittere,
288 1201 386 1264 semel
409 1200 449 1264 ab
471 1201 545 1284 ipso
567 1200 689 1284 accepi:
717 1200 834 1264 adeas
858 1197 1048 1283 Cephalioni

85 1288 170 1371 dedi,
194 1289 249 1371 qui
272 1289 391 1353 multos
414 1309 540 1352 menses
561 1288 807 1372 tempestatibus
821 1291 966 1352 retentus
990 1290 1047 1352 est.
1130 1357 1140 1373 ,

87 1375 247 1452 Quintum
273 1376 376 1441 filium
404 1377 444 1440 ad
473 1398 523 1440 me
556 1377 758 1441 acerbissime
791 1377 955 1460 scripsisse
982 1375 1048 1440 iam

87 1468 164 1528 ante
189 1465 230 1529 ad
252 1469 284 1528 te
308 1465 429 1548 scripsi.
474 1464 664 1529 Extremum
686 1469 748 1550 est,
779 1465 865 1548 quod
895 1468 927 1530 te
951 1477 1075 1548 orem,⁶

87 1554 117 1616 si
148 1556 246 1637 putas
277 1556 400 1618 rectum
432 1575 500 1618 esse
528 1557 602 1618 eta
628 1557 661 1618 te
689 1553 808 1638 suscipi
835 1575 944 1638 posse,
976 1575 1048 1618 cum

87 1639 226 1706 Camillo
259 1641 489 1725 communices,
524 1644 562 1706 ut
595 1642 778 1707 Terentiam
814 1643 973 1708 moneatis
1009 1641 1048 1706 da

87 1733 296 1795 testamento:
330 1733 477 1814 tempora
503 1734 650 1816 monent,
678 1734 716 1795 ut
741 1731 861 1815 videat,
892 1735 930 1796 ut
957 1731 1049 1801 satis·

86 1817 202 1901 faciat,
234 1818 350 1902 quibus
383 1818 486 1883 debet.
535 1818 692 1884 Auditum
724 1841 762 1883 ex
793 1819 967 1884 Philotimo
1000 1823 1050 1883 est

89 1927 160 1970 eam
185 1907 337 1970 scelerate
361 1907 518 1991 quaedam
539 1908 659 1972 facere:
682 1907 832 1972 credibile
846 1908 899 1972 rix
913 1911 971 1991 est,
993 1906 1049 1972 sed

88 1997 185 2078 certe,
209 1994 327 2079 siquid
342 1999 399 2078 est,
422 1996 508 2080 quod
522 1995 591 2059 fieri
611 1995 723 2080 possit,
744 1995 978 2078 providendum
992 1998 1049 2059 est.

88 2081 138 2148 De
163 2083 313 2148 omnibus
335 2084 431 2148 rebus
445 2085 541 2148 velim
564 2083 605 2147 ad
627 2105 678 2147 me
695 2082 825 2168 scribas,
848 2086 881 2146 et
903 2083 1049 2166 maxime,

88 2171 167 2255 quid
192 2172 312 2238 sentias
335 2171 374 2236 de
397 2192 448 2256 ea,
470 2173 506 2236 in
525 2175 658 2255 quatuo
683 2171 817 2236 consilio
841 2192 929 2257 egeo,
952 2170 1050 2234 etiam

90 2260 117 2324 si
141 2259 226 2324 nihil
249 2260 419 2344 excogites,
440 2261 475 2324 id
495 2260 581 2324 enim
604 2259 683 2323 mihi
707 2259 767 2324 erit
789 2280 848 2344 pro
872 2259 1049 2342 desperato.

89 2366 136 2412 111.
160 2347 248 2412 Nou.
269 2347 341 2413 Iun.

520 2541 626 2608 XVII.

90 2663 148 2718 Sor.
168 2661 311 2716 Brundisii
328 2679 353 2716 a.
374 2663 400 2716 d.
419 2661 505 2718 XVII.
524 2663 665 2720 Kalendas
685 2661 838 2730 Quinctiles
856 2681 881 2719 a.
900 2681 927 2718 ιι.
946 2669 1049 2721 optol.

384 2767 513 2824 clonae
533 2768 666 2825 ATTICO
686 2769 762 2824 SAL.

158 2876 411 2961 Properantibus
433 2877 610 2942 tabellariis
633 2879 746 2944 alienis
774 2878 859 2942 hanc
881 2879 1076 2962 epistolaml

90 2966 179 3030 dedi:
202 2986 241 3030 eo
264 2965 392 3030 brevior
414 2969 463 3030 est
485 2971 518 3030 et
541 2966 627 3050 quod
641 2988 727 3030 eram
742 2967 897 3031 missurus
911 2969 1050 3032 nostros.

90 3053 200 3118 Tullia
222 3075 295 3118 mea
317 3054 406 3118 venit
429 3055 469 3118 ad
492 3075 543 3118 me
565 3077 612 3139 pr.
635 3054 712 3119 Idus
735 3054 845 3119 Iunias
869 3054 970 3138 deque
993 3058 1051 3119 tua

89 3163 171 3228 erga
193 3163 227 3205 se
256 3142 461 3209 observantia
492 3143 779 3225 benevolentiaque
806 3141 885 3206 mihi
911 3143 1050 3226 plurima

91 3230 242 3315 exposuit
264 3231 452 3314 litterasque
476 3231 616 3296 reddidit
641 3231 758 3313 trinas,
788 3251 848 3316 ego
876 3234 984 3294 autem
1011 3252 1050 3296 ex

163 3456 215 3526 Ep
236 3464 277 3525 16,
296 3464 320 3511 3.
339 3459 715 3526 iactoroutres'iciorlcmc
735 3457 810 3527 0.,1
829 3475 856 3514 o
875 3459 923 3528 Z)
942 3458 1002 3514 0111.
1023 3476 1048 3513 u.
1135 3469 1143 3482 ·

88 3527 229 3598 r..vnlgo
267 3500 291 3584 l.
311 3530 373 3583 de
360 3529 397 3584 cis
415 3531 466 3584 titt.
486 3529 563 3600 (Or.)
591 3531 624 3585 dc
641 3530 719 3585 hiel.
738 3502 831 3602 vilgo.
869 3535 894 3584 ὅ.
917 3529 1049 3602 eccoqitcs

88 3547 166 3669 (ιιι).
186 3600 323 3670 caespites
340 3597 434 3669 vulgo.

835 3692 889 3746 ιθ*
