2582 3980
249 227 509 284 EPISTOLARUM
526 229 576 284 AD
594 227 748 286 BRUTUM
766 233 787 286 Ι.
805 238 832 287 3.
850 237 877 288 4.
976 232 1041 298 615
1144 186 1147 191 ‘

74 393 151 439 uon
173 372 363 439 interierint.
407 373 472 460 „As
492 373 555 442 hoc
584 375 717 461 ipsum“,
748 377 884 464 inquies,
914 379 1041 464 „inique

75 461 180 546 facis,
212 462 268 546 qui
289 462 417 528 hostilis
440 464 540 530 animi
562 465 597 528 in
619 487 687 530 rem
709 465 872 550 publicam
894 467 1041 535 homines

74 550 168 615 aives
192 550 361 638 appelles.“
404 551 508 618 Immo
530 553 720 638 iustissime3
743 554 829 638 quod
853 554 939 620 enim
960 576 1041 622 non-

75 639 160 704 dum
188 642 319 704 senatus
347 641 473 706 censuit
497 663 557 706 neo
583 643 723 727 populus
745 642 912 709 Romanus
939 645 1042 730 iussit,

74 725 114 792 id
138 732 330 818 arroganter
350 751 418 795 non
441 729 624 814 praeiudico
647 751 751 815 neque
771 753 888 798 revoco
903 732 944 797 ad
958 733 1041 798 arbi·

71 816 182 882 trium
194 839 315 882 meum:
337 818 418 883 illud
432 818 560 902 quidem
576 841 644 885 non
663 823 764 905 muto,
786 821 872 904 quod
886 821 925 906 ei,
947 843 1042 906 quem

75 927 134 970 me
158 906 300 971 occidere
322 903 374 971 res
396 929 464 972 non
487 909 602 994 coigit,
630 930 736 992 neque
759 908 929 974 crudeliter
952 910 1042 994 quid-

74 1015 180 1080 quam
203 995 305 1080 eripui
323 1017 428 1080 neque
442 997 597 1062 dissolute
611 996 786 1082 quidquam
798 999 908 1064 remisi
929 999 1041 1063 habui·

75 1105 144 1168 que
171 1085 207 1148 in
233 1105 305 1149 mea
332 1087 505 1168 potestate,
536 1083 642 1171 quoad
669 1085 790 1151 bellum
816 1086 888 1151 fuit.
937 1086 1042 1153 Multo

76 1173 231 1256 equidem
252 1173 421 1239 honestius
443 1173 549 1240 iudico
570 1175 737 1262 magisque
759 1175 846 1260 quod
869 1176 1042 1242 concedere

75 1261 186 1346 possit
221 1282 272 1327 res
303 1261 433 1346 publica
471 1263 661 1328 miserorum
697 1264 864 1330 fortunam
895 1287 963 1330 non
989 1265 1042 1343 in·

77 1351 199 1414 sectari
222 1361 321 1435 quam
331 1351 459 1416 infinite
476 1352 617 1419 tribucre
639 1353 836 1437 potentibus,
859 1375 940 1438 quae
955 1354 1042 1438 cupi·

77 1439 218 1503 ditatem
241 1442 280 1504 et'
301 1440 522 1526 arrogantiam
548 1441 718 1506 incendere
744 1442 884 1526 possint:
921 1463 985 1526 qua
1006 1441 1068 1506 in³

38 1568 54 1610 ,ι
76 1549 134 1612 re,
170 1523 295 1612 Oiccro,
329 1528 380 1592 vir
411 1529 532 1613 optime
564 1532 661 1614 atque
692 1529 867 1595 fortissime
899 1531 1042 1615 mihique
1138 1577 1141 1581 -

77 1615 199 1681 merito
231 1620 264 1680 et
290 1637 362 1682 meo
389 1617 521 1682 nomine
549 1621 582 1684 et
612 1618 659 1682 rei
690 1618 838 1704 publicae
870 1619 1043 1704 carissime,

77 1705 180 1770 nimis
204 1705 330 1770 credere
353 1705 470 1770 videris
494 1707 563 1791 spei
585 1709 660 1772 tuae
684 1708 871 1793 statimque,
897 1712 935 1773 ut
957 1709 1042 1793 quis-

79 1815 146 1878 que
169 1793 290 1879 aliquid
312 1797 398 1860 recte
420 1795 541 1880 feeerit,
564 1796 673 1860 omnia
689 1796 765 1861 dare
788 1818 825 1862 11
847 1797 1043 1883 permittere,

76 1882 176 1966 quasi
199 1904 267 1948 non
288 1882 384 1948 liceat
405 1884 531 1949 traduci
545 1884 586 1948 ad
608 1885 694 1967 malo
707 1885 843 1951 consilia
856 1889 1043 1971 corruptum

77 1971 310 2056 largitionibus
324 1972 476 2036 animum.
500 1970 588 2049 Quae
597 1975 655 2056 tua
669 1975 719 2036 est
731 1973 926 2059 humanitas,
939 1994 1041 2057 aequo

78 2060 193 2125 animo
215 2062 248 2125 te
270 2060 396 2125 moneri
418 2061 563 2145 patieris,
594 2061 784 2144 praesertim
812 2061 850 2125 dc
880 2062 1043 2126 communi

80 2149 204 2213 salute:
226 2149 326 2214 111111
348 2152 467 2234 tamen⁷
490 2149 576 2233 quod
598 2149 660 2213 tibi
681 2149 786 2214 visum
807 2149 921 2234 fuerit3
945 2150 1043 2214 etiam

78 2258 159 2323 ego,
197 2259 296 2323 quum
327 2258 379 2302 me
410 2238 564 2303 docueris.
614 2235 724 2322 Nunc,
756 2235 880 2323 Cicero,
910 2239 1043 2318 †nunc

79 2326 246 2412 agendum
282 2329 344 2412 est,
378 2348 421 2392 no
455 2326 579 2392 frustra
614 2347 803 2410 oppressum
839 2347 908 2392 esse
939 2325 1043 2392 Anto·

80 2415 188 2480 nium·
215 2415 319 2501 gavisi
358 2415 458 2480 simus
497 2436 579 2480 neu.
598 2419 724 2499 semper
759 2415 855 2501 primi
891 2415 1043 2499 cuiusque

81 2504 162 2568 mali
189 2503 354 2568 excidendi
381 2525 479 2569 causa
506 2504 562 2588 sit,
592 2507 630 2568 ut
657 2503 743 2568 aliud
774 2507 961 2568 renascatur
986 2503 1043 2569 illo

81 2592 184 2677 peius.
220 2590 311 2656 Nihil
333 2593 398 2656 iam
420 2592 747 2677 neque-opinantibus
770 2595 828 2656 aut
844 2592 1071 2677 patientibus*

81 2681 179 2746 nobis
211 2681 336 2746 adversi
368 2681 495 2746 evenire
527 2684 648 2765 potest,
683 2681 720 2744 in
751 2703 814 2766 quo
843 2703 912 2748 non
944 2701 1043 2766 quum

82 2769 229 2834 omnium
251 2769 360 2854 culpa,
380 2773 452 2834 tum
473 2769 644 2856 praecipue
666 2772 724 2834 tua
745 2768 856 2835 futura
879 2771 930 2854 sit,
952 2769 1043 2834 cuius

81 2862 211 2922 tantam
239 2859 463 2925 auctoritatem
490 2861 621 2924 senatus
650 2879 687 2922 ac
715 2859 854 2943 populus
876 2857 1042 2923 Romanus

80 2968 152 3012 non
180 2947 284 3012 solum
312 2969 381 3014 csse
407 2947 543 3032 patitur,
575 2946 630 3012 sed
663 2947 760 3011 etiam
788 2945 889 3030 cupit,
920 2949 1043 3030 quanta

83 3036 225 3101 maxima
246 3036 282 3100 in
303 3037 405 3102 libera
427 3037 556 3102 civitate
579 3037 675 3101 unius
697 3057 767 3100 esse
789 3037 912 3119 potest:
945 3054 1042 3117 quam

81 3128 122 3189 tu
143 3146 212 3191 non
235 3126 339 3190 solum
362 3125 444 3190 bene
467 3124 645 3210 sentiendo,
670 3124 725 3189 sed
748 3123 846 3188 etiam
868 3121 1042 3208 prudenter

82 3213 169 3279 tueri
200 3212 311 3299 debes3
341 3213 513 3300 prudentia
542 3235 655 3298 porro,
686 3232 769 3296 quae
799 3211 860 3276 tibi
887 3213 1042 3295 superest,

156 3371 208 3442 Ep.
219 3377 244 3440 4,
254 3377 279 3426 2.
298 3371 444 3426 1111111111
456 3385 488 3440 p.
506 3369 690 3440 reipublicae
709 3369 775 3439 (mg.
788 3368 856 3436 11111
892 3375 917 3423 3.
935 3371 1043 3435 11111

84 3443 219 3512 spondam
237 3442 284 3510 (W
286 3443 312 3511 .).
329 3442 361 3496 id
379 3456 423 3511 ap.
442 3443 467 3509 (1
484 3439 582 3508 Oxou.)
601 3441 651 3494 aut
667 3441 716 3494 hoc
734 3455 777 3510 op.
796 3438 862 3510 (W.)
881 3439 1043 3494 1111111111

83 3512 210 3654 22¹3.)st
228 3511 380 3654 dudum
397 3516 416 3580 †
434 3511 465 3566 B.
501 3517 527 3565 4.
550 3511 719 3581 cepoe-opio.
740 3510 814 3580 (W.).
847 3525 938 3580 areop.
957 3508 1042 3580 (W.)?
