2510 3958
198 248 278 314 ,244
496 249 535 303 lI.
553 247 675 302 Tuaen
693 199 882 301 CICERONIS

649 462 723 528 ΧΠ.

208 585 265 643 Ser.
284 584 436 640 Minturnis
454 601 479 640 a.
498 584 525 638 d.
544 584 631 638 VIIII.
649 581 791 638 Kalendas
809 581 977 637 Februarias
992 599 1017 636 a.
1032 601 1057 637 u.
1069 599 1091 638 c.
1102 587 1167 637 705.

499 689 628 746 CICERO
647 687 781 746 ATTICO
800 687 876 743 SAL.

181 815 194 858 ¹
275 801 384 868 Unam
407 800 511 867 adhuc
538 803 613 864 ale
636 797 806 882 epistolam
829 819 1029 884 acceperam,
1058 798 1169 862 datam

208 907 266 956 ΧΠ.
288 889 370 973 Kal.,
392 889 427 954 in
449 910 514 973 qua
527 885 771 974 significabatur
786 887 884 952 aliam
896 891 929 952 te
943 889 1019 950 ante
1034 884 1170 967 dedisse,

208 999 306 1062 quam
328 999 396 1043 non
418 998 616 1062 acceperam3
639 973 694 1040 sed
715 997 844 1059 quaeso,
866 979 904 1040 ut
926 974 1048 1040 scribas
1071 996 1168 1060 quam

209 1064 408 1221 :arar
427 1063 801 1238 curmae

208 1243 303 1308 nobis
330 1241 515 1306 faciendum
546 1243 603 1306 aut
633 1261 702 1305 non
727 1202 912 1306 faciendum
938 1202 1060 1324 putesz’
1084 1261 1170 1321 nam,

209 1332 295 1415 quod
318 1351 414 1416 rogas
442 1349 563 1414 curem,
593 1333 631 1396 ui
660 1328 756 1413 scias,
787 1327 865 1413 quid
886 1327 1059 1412 Pompeius
1083 1332 1160 1414 agat

209 1440 251 1484 ne
273 1419 380 1502 ipsum
394 1416 521 1502 quidem
535 1417 615 1482 scira
638 1420 732 1501 puto3
757 1420 905 1482 nostrum
920 1417 1050 1500 quidem
1063 1438 1169 1482 nemo.

183 1506 287 1596 εῩίᾶὶ
301 1506 475 1573 Lentulum
497 1506 662 1571 consulem
675 1504 813 1570 Formiis
836 1523 868 1570 x.
882 1505 963 1589 Kal.,
985 1503 1051 1570 vidi
1074 1504 1156 1570 Libo

209 1617 298 1660 nem:
321 1596 418 1679 plena
439 1595 565 1660 timoris
589 1597 621 1658 et
644 1593 761 1658 erroris
784 1594 901 1658 omnia.
928 1593 986 1658 Ille
1004 1594 1066 1658 iter
1081 1593 1170 1658 Lari·

209 1705 301 1766 num5
328 1683 374 1748 ibi
401 1683 488 1748 enim
514 1683 663 1749 cohortes
684 1685 719 1747 et
741 1680 894 1747 Luceriae
918 1685 951 1746 et
973 1680 1076 1747 Teani
1097 1683 1170 1746 reli·

92 1781 97 1790 '
210 1793 336 1855 quaque
363 1771 399 1835 in
424 1769 554 1855 Apulia.
596 1768 679 1836 Inde
699 1773 814 1834 ulrum
845 1771 1019 1836 consistere
1041 1772 1117 1854 uspi

209 1859 289 1924 velit
310 1881 354 1923 an
376 1881 463 1924 mare
486 1860 637 1944 transire,
664 1858 819 1924 nescitur:
849 1859 877 1924 si
891 1862 1021 1942 manet,
1048 1879 1145 1924 vareo

210 1969 252 2013 ne
266 1948 440 2014 exercitum
453 1949 581 2013 firmam
598 1948 719 2013 habere
732 1968 800 2012 non
822 1947 938 2031 possit3
962 1947 1013 2012 sin
1026 1947 1148 2013 discedi

211 2058 275 2120 quo
298 2041 356 2102 aut
381 2058 446 2121 qua
468 2041 525 2102 aut
547 2036 623 2120 quid
652 2036 747 2101 nobis
775 2035 937 2120 agendum
964 2036 1019 2120 sil,
1050 2036 1170 2101 nescio.

244 2147 297 2191 am
318 2126 417 2190 islam
431 2124 569 2209 quidem,
591 2125 680 2189 ouius
698 2119 910 2209 φαλαρισμὸν
932 2124 1037 2208 limes,
1060 2125 1170 2190 omnia
1252 2139 1253 2160 ³

124 2235 136 2342 K
264 2215 394 2278 terrime
416 2214 578 2278 facturum
600 2216 695 2297 puto:
720 2233 780 2277 nec
803 2233 877 2278 eum
899 2234 1007 2280 rerum
1028 2213 1170 2296 prolatio
1252 2217 1253 2290 ἦ

135 2303 138 2320 ¹
211 2323 271 2366 nec
285 2305 416 2367 senatus
430 2302 740 2387 magistratuumque
754 2300 913 2366 discessus
931 2323 992 2367 nec
1010 2301 1171 2368 aerarium
1252 2294 1253 2334 ³

185 2391 357 2454 rolausum
378 2390 529 2454 tardabit.
562 2387 726 2473 Sedhaec,
748 2392 786 2454 ut
800 2389 922 2473 scribis,
944 2390 1008 2454 cito
1023 2389 1171 2456 sciemus.
1251 2424 1253 2444 ι

210 2476 347 2542 Interim
360 2477 456 2541 velim
473 2477 553 2543 mihi
571 2477 732 2561 ignoscas,
754 2477 840 2561 quod
863 2477 905 2542 ad
926 2480 960 2542 te
982 2478 1087 2543 scribo
1101 2481 1171 2542 tam
1252 2531 1253 2540 ,

211 2565 314 2630 multa
340 2565 450 2647 toties3
481 2561 648 2648 acquiesco
680 2565 767 2629 enim
793 2568 827 2629 et
852 2569 926 2632 tuas
953 2567 1028 2632 volo
1055 2565 1171 2635 elicere

211 2653 336 2724 litteras
359 2653 558 2736 maximeque
581 2653 765 2738 consilium,
798 2653 874 2738 quid
902 2675 998 2739 agam
1025 2657 1082 2720 aul
1105 2676 1170 2739 quo

211 2761 263 2806 me
277 2744 372 2826 pacto
387 2761 506 2826 geram.
527 2739 747 2806 Demittamne
761 2762 813 2806 me
825 2742 954 2826 penitus
968 2743 1004 2807 in
1017 2743 1170 2808 eausam?

212 2851 280 2895 non
302 2829 464 2894 deterreor
485 2829 638 2914 periculo,
660 2830 716 2894 sed
729 2828 895 2914 dirumpor
913 2831 1037 2896 dolore:
1059 2835 1170 2896 tamne

212 2919 302 2984 nullo
326 2917 460 2982 consilio
474 2920 532 2982 aul
553 2921 621 2982 tam
635 2921 749 2983 contra
761 2939 870 2982 meum
948 2919 1056 2984 silium
1079 2923 1171 3004 gesta

126 3081 128 3086 ,
212 3029 284 3092 esse
310 3005 440 3072 omnia?
475 3005 529 3070 An
557 3009 688 3071 cuncter
714 3010 747 3070 et
772 3007 877 3091 tergis
930 3028 965 3072 er
991 3011 1025 3072 et
1052 3007 1092 3072 iis
1119 3031 1170 3074 me

213 3095 298 3180 dem,
330 3095 385 3178 qui
411 3096 538 3177 tenent,
569 3095 624 3178 qui
652 3093 844 3178 potiuntur?
876 3093 1029 3178 αἰδέομαι
1056 3095 1152 3181 Τρῶα

212 3204 272 3248 nec
300 3183 404 3248 solum
436 3184 527 3266 civis,
559 3182 615 3246 sed
642 3182 740 3247 etiam
767 3181 862 3246 amici
894 3182 1001 3247 officio
1029 3205 1161 3250 revocor
1253 3186 1254 3189 ’

283 3375 335 3445 Ep.
356 3381 397 3444 12,
416 3381 441 3430 3.
472 3391 571 3445 qaam.
590 3373 628 3429 D.
648 3373 742 3444 (Sola).
765 3390 801 3444 9.,
819 3375 845 3429 d.
860 3373 891 3428 B.
911 3405 944 3414 —
964 3374 1097 3430 causam?
1114 3393 1170 3432 aaa
1228 3397 1232 3401 ·
1252 3362 1253 3399 ³

213 3446 383 3500 ...dolorm
400 3449 491 3500 tamar
510 3445 558 3514 (Z.‚
573 3444 623 3499 alii
636 3444 664 3510 1.‚
682 3444 744 3511 llll)
765 3443 948 3500 ...omnini
966 3445 1015 3501 Aa
1032 3445 1109 3516 (W.).
1128 3447 1169 3502 c?

212 3531 354 3641 *wli
386 3516 452 3570 ‚ds
469 3521 526 3571 tam
544 3515 613 3583 (lla,
633 3513 695 3569 cdd.
713 3514 788 3584 Μαι,
808 3514 885 3585 Ora,
904 3515 974 3586 RI.).
1064 3520 1170 3574 maia!
