2574 3966
219 233 480 290 EPISTOLARUM
497 234 548 290 AD
566 235 732 292 ATTICUM
750 236 811 290 XII.
829 242 873 292 40.
891 243 935 292 41.
986 235 1050 300 451

74 375 198 452 Quum
219 379 359 444 Romam
382 401 514 464 venero,
545 402 604 444 nco
631 381 723 446 vultu
749 401 809 444 nec
837 381 982 446 oratione
1004 403 1052 445 re·

74 465 287 551 prehendar:
319 466 517 533 hilaritatem
544 469 648 553 illam,
685 491 749 554 qua
774 469 860 534 hanc
885 469 1053 535 tristitiam

73 557 276 640 temporum
298 556 539 640 condiebam,
568 557 603 620 in
626 559 817 641 perpetuum
840 557 947 642 amisi,
977 579 1051 622 con-

75 643 215 708 stantia
237 647 270 708 et
291 643 427 708 firmitas
449 665 509 709 nec
532 644 632 710 animi
653 666 713 710 nec
735 645 890 711 orationis
912 647 1051 730 require-

74 735 152 796 tur.
199 731 250 798 Do
271 731 375 797 hortis
398 731 587 817 Scapulanis
607 733 672 799 hoo
693 733 820 804 videtur
842 733 926 798 effici
948 750 1079 818 posses

76 819 180 885 aliud
202 821 260 884 tua
274 821 389 905 gratia,
411 820 499 885 aliud
512 825 633 904 nostra,
655 825 693 886 ut
714 822 866 906 praeconi
881 821 1051 886 subiicien-

76 911 157 972 tur:
180 907 215 972 id
228 907 351 993 maisit,
369 908 586 993 excludemur3
606 910 657 974 sin
676 909 717 975 ad
734 910 879 976 tabulam
897 910 1053 994 venimus,

77 997 257 1062 vincemus
278 995 451 1063 facultates
465 995 602 1063 Othonis
620 1001 733 1063 nostra
755 998 944 1083 cupiditate:
967 1019 1054 1083 nam,

79 1084 179 1168 quod
208 1084 249 1149 ad
280 1106 331 1149 me
358 1085 398 1149 de
425 1084 574 1150 Lentulo
597 1086 723 1171 scribis,
754 1107 822 1152 non
854 1089 904 1151 cst
933 1087 970 1152 in
1001 1108 1054 1170 co;

79 1171 275 1238 Faberiano
296 1173 393 1238 modo
415 1195 467 1239 res
494 1177 582 1240 certa
604 1175 647 1239 sit
673 1177 772 1260 tuque
799 1175 936 1260 enitare,
967 1175 1054 1259 quod

80 1261 187 1346 facis,
215 1260 300 1345 quod
328 1262 489 1348 volumus,
520 1277 759 1347 consequemur.
802 1262 895 1341 Quod
918 1263 1081 1348 quaeris,⁵
1146 1271 1153 1281 “

83 1349 247 1434 quamdiu
269 1349 339 1414 hicr
375 1371 495 1434 paucos
518 1351 599 1436 dies,
622 1351 678 1417 sed
701 1355 823 1416 certum
845 1373 914 1417 non
934 1352 1053 1420 habeo:

84 1439 191 1502 simul
218 1443 264 1502 'ac
301 1439 512 1524 constituero,
552 1439 593 1504 ad
625 1443 658 1504 te
690 1440 842 1524 scribam,
880 1442 914 1504 et
944 1443 981 1504 tu
1013 1440 1054 1505 ad

83 1547 158 1611 me,
192 1527 344 1611 quamdiu
370 1527 406 1591 in
433 1527 619 1593 suburbano
651 1528 695 1593 sis
726 1528 863 1593 futurus
909 1526 979 1605 Quo
1003 1527 1054 1592 die

85 1633 154 1700 ego
189 1614 230 1679 ed
245 1671 250 1677 .
265 1618 299 1680 te
334 1614 414 1680 haec
453 1617 539 1699 misi,
580 1616 619 1680 de
650 1615 733 1681 Pilia
764 1620 797 1682 et
828 1614 940 1682 Attica
974 1615 1055 1680 mihi

85 1725 223 1856 qiuoqqe
246 1704 371 1788 eadem,
394 1725 474 1788 quae
498 1705 624 1789 scribis,
656 1708 689 1771 et
712 1706 895 1770 scribuntur
918 1709 952 1770 et
972 1725 1053 1770 nun·

118 1813 164 1856 an
202 1814 227 1856 r.

533 1985 618 2052 XLI.

185 2104 243 2160 Scr.
261 2106 380 2162 Asturco
399 2122 493 2162 mense
511 2103 587 2162 Maio
606 2107 663 2174 (VI.
682 2106 752 2175 Ida)
770 2121 795 2162 a.
814 2123 841 2161 u.
861 2123 884 2161 c.
906 2113 964 2162 709.

369 2211 517 2268 UIOERO
535 2211 687 2268 ATTreo
704 2211 788 2268 SAL.

161 2317 253 2386 Nihil
272 2324 349 2406 erat,
372 2321 458 2405 quod
473 2321 657 2406 scriberem3
680 2320 761 2386 scire
774 2324 885 2386 temen
898 2321 1080 2406 volebam‚¹

90 2410 151 2475 ubi
176 2429 270 2493 esses,
293 2410 320 2476 si
343 2410 419 2476 abes
443 2411 728 2495 aurasicorum,
751 2409 880 2495 quando
894 2409 1055 2476 rediturus

90 2519 197 2564 esses:
219 2497 318 2564 facies
340 2499 514 2585 igiturne
537 2500 714 2565 certiorem.
741 2497 795 2584 Et,
817 2498 904 2584 quod
923 2502 960 2564 tu
975 2499 1055 2563 scire

91 2586 240 2670 volebas,
266 2605 333 2673 ego
360 2587 489 2671 quando
520 2609 559 2652 ex
589 2588 763 2671 hocloco,
795 2587 950 2672 postridie
978 2587 1055 2652 Idus

91 2675 234 2740 Lanuvii
257 2676 410 2740 constitui
431 2697 574 2760 manere,
602 2675 677 2740 inde
700 2676 855 2759 postridie
876 2677 913 2741 in
935 2675 1056 2742 Tuscu·

91 2766 173 2829 lano
195 2767 253 2828 aut
274 2761 409 2829 Romae:
441 2767 550 2830 utrum
573 2764 634 2829 sim
655 2763 817 2850 facturus,
848 2766 980 2848 eoeipso
1005 2763 1055 2828 die

94 2852 187 2918 scies.
233 2849 314 2935 Scis,
346 2873 442 2936 quam
466 2853 509 2917 sit
531 2853 700 2935 φιλαίτιον
723 2848 892 2938 συμφορά,
924 2852 1082 2917 minime*

92 2943 130 3006 in
152 2943 186 3005 te
209 2941 346 3024 quidem,
369 2940 424 3005 sed
445 2944 556 3004 tamen
569 2941 661 3006 avide
676 2962 747 3006 sum
761 2941 894 3006 affectus
908 2939 947 3006 de
967 2941 1056 3025 fano,

94 3028 282 3115 quodnisi,
313 3049 381 3094 non
403 3028 474 3094 dico
498 3029 646 3095 effectum
669 3029 744 3114 erit,
775 3029 831 3095 sed
853 3028 924 3094 fieri
946 3028 1055 3096 videro

95 3153 139 3166 -
164 3117 287 3182 audebo
310 3117 373 3182 hoo
395 3116 499 3183 dicere
522 3121 555 3182 et
575 3123 625 3204 tu,
657 3121 694 3184 ut
715 3119 813 3202 soles,
842 3115 982 3202 accipies
1003 3151 1056 3201 -,

94 3206 275 3272 incursabit
296 3206 331 3270 in
353 3209 386 3270 te
409 3205 501 3272 dolor
522 3228 629 3292 meus,
649 3227 723 3270 non
749 3207 818 3270 iure
840 3205 895 3270 ille
918 3205 1056 3290 quidem,

96 3294 154 3360 sed
175 3297 286 3359 tamen
306 3293 391 3359 feres
413 3293 476 3360 hoc
498 3295 619 3380 ipsum,
641 3293 727 3379 quod
750 3293 864 3378 scribo,
887 3297 924 3359 ut
946 3293 1056 3358 omnia

168 3432 220 3503 up.
235 3439 278 3502 ιο,
291 3439 316 3487 r.
335 3410 527 3488 metuamus
541 3433 610 3502 (m,
624 3433 708 3502 auu
727 3431 1055 3502 audacissumos.

95 3503 214 3633 3315·
229 3510 266 3628 lR·
282 3503 542 3641 ιὲωἷοεοὲ.ωτὲιεΒ11π.
563 3504 645 3574 (act).
676 3504 767 3572 facias
784 3505 864 3560 velim
881 3520 922 3560 mc
940 3519 961 3560 c.
980 3502 1001 3558 I.
1032 3502 1054 3570 f.

712 3683 718 3687 ·
838 3666 895 3716 29*
