2522 3960
245 246 309 312 194
528 245 566 300 tt.
585 243 709 302 TULLII
727 244 919 304 CICERONIS

240 391 297 458 sed
323 392 425 456 multo
453 391 608 458 maiorem
634 413 702 456 nou
728 412 797 455 esse
825 414 899 456 eum
925 392 1038 476 talem,
1070 394 1186 476 qualem

213 483 412 564 eputaeeem.
456 478 541 545 Illud
564 479 693 564 quidem
714 479 870 544 fatebitur
893 478 1051 565 Scaptius,
1072 503 1122 546 me
1142 482 1186 546 ius

240 569 365 634 dieente
389 567 451 632 sibi
478 589 607 634 omnem
628 568 799 651 pecuniam
826 589 866 632 ex
887 569 991 634 edicte
1015 591 1088 636 mee
1109 569 1186 634 aufe

238 657 330 724 rendi
365 659 561 740 potestatem
591 656 706 738 fuisse3
743 654 826 720 addo
858 657 957 722 etiam
986 657 1081 741 iilud,
1111 657 1186 742 quud

239 765 351 811 vereor
372 744 434 810 tibi
454 744 518 829 ipsi
530 748 568 808 ut
588 745 737 828 probem:
760 745 935 810 eouaistere
956 767 1056 810 usura
1078 746 1187 828 debuit,

221 855 321 917 -quae
349 833 480 898 eratin
507 832 612 897 edicto
638 854 725 916 me03
755 833 916 918 deponere
942 834 1109 900 volebant:
1136 834 1187 898 im·

238 922 364 1006 petraei
386 943 406 984 a
428 918 625 1004 Salaminiis,
647 924 685 986 ut
707 921 847 986 silerent
892 920 1031 987 Veniam
1058 922 1107 986 illi
1128 923 1187 1006 qui·
1233 921 1237 930 '

239 1011 313 1078 dem
333 1010 414 1076 mihi
437 1009 603 1093 dedenmt,
624 1009 681 1074 sed
704 1009 781 1093 quid
797 1009 838 1074 iis
860 1009 925 1093 fiet,
947 1010 975 1074 si
987 1010 1052 1076 hue
1064 1007 1187 1075 Paullus

238 1097 385 1166 venerit?
409 1096 471 1164 sed
493 1101 599 1164 totum
621 1097 684 1164 hoe
706 1096 810 1164 Bruto
833 1098 920 1182 dedi,
941 1099 996 1181 qui
1019 1098 1059 1162 de
1081 1119 1132 1163 me
1152 1097 1187 1162 ad

237 1192 271 1252 te
301 1185 553 1253 humanissimae
584 1186 710 1252 litteras
742 1186 885 1270 scripsit,
920 1186 961 1252 ad
992 1208 1044 1250 me
1081 1190 1188 1268 autem,

239 1276 337 1342 etium
359 1296 459 1382 quum
472 1277 568 1360 rogat
581 1275 712 1359 aliquid,
734 1275 977 1358 conmmacieer,
997 1278 1188 1360 arroganter,

239 1357 473 1446 ἆκοινωνήτως
506 1363 590 1428 solet
625 1363 777 1446 seribere;
812 1366 850 1428 tu
881 1325 989 1428 autem
1026 1364 1124 1428 velim
1152 1362 1189 1426 ad

240 1473 314 1518 eum
337 1452 459 1519 sambae
482 1451 521 1516 de
543 1451 595 1516 his
615 1451 721 1535 rebem,
743 1412 782 1516 ut
802 1451 911 1535 seiam,
932 1451 1096 1535 quomodo
1116 1451 1187 1515 haee

239 1541 392 1624 accipiat,
422 1540 522 1606 facies
555 1540 641 1604 enim
672 1561 723 1604 me
755 1539 932 1606 certiorem.
977 1538 1086 1623 Atque
1117 1539 1188 1606 hae

239 1716 911 1802 υ
938 1628 1188 1782 {eea

237 1804 327 1887 illud,
349 1804 435 1889 quod
457 1807 494 1870 tu
517 1804 559 1869 ad
580 1827 632 1869 me
646 1804 838 1888 quibusdam
859 1804 976 1868 litteris
999 1805 1186 1888 aeripe‘msee:

238 1893 267 1957 si
297 1892 379 1958 nihil
411 1892 498 1957 aliud
530 1893 569 1957 de
601 1893 662 1956 hae
693 1891 861 1977 provincia
891 1892 956 1958 nisi
981 1893 1069 1958 illius
1101 1893 1186 1956 bene·
1246 1923 1247 1955 t

238 1981 415 2049 volentiam
437 1981 665 2065 deportasaem,
688 1981 769 2046 mihi
790 1981 824 2045 id
847 1981 926 2046 satis
939 2001 1018 2045 esse.
1045 1979 1096 2045 Sit
1109 2001 1186 2060 sane,

238 2069 392 2154 queniam
413 2069 462 2134 ita
481 2073 520 2134 tu
541 2070 600 2153 vis,
623 2070 680 2135 sed
692 2073 802 2134 tamen
816 2091 889 2134 eum
912 2091 961 2152 eo,
983 2069 1089 2152 eredo,
1109 2066 1185 2153 qued
1245 2127 1246 2136 ,

238 2158 807 2331 tetmtaatfffi
825 2162 958 2311 tte
974 2156 1185 2330 tamt.

211 2335 340 2418 enahim
381 2356 422 2399 ne
459 2335 499 2400 ad
536 2332 693 2400 Catonem
723 2334 852 2417 quidem
887 2335 1079 2418 provoeaba
1102 2390 1104 2395 .
1131 2330 1186 2399 Sed

238 2423 307 2487 noli
337 2445 388 2486 me
424 2427 538 2506 putare
575 2418 817 2506 ἐγκελεύσματος
847 2423 904 2490 illa
939 2426 997 2487 tue
1032 2421 1186 2502 abiecisse,
1244 2465 1245 2468 κ

239 2531 320 2594 quae
343 2509 425 2574 mihi
446 2511 482 2574 in
503 2511 679 2577 visceribus
701 2511 853 2576 haerent:
884 2511 965 2576 flens
987 2510 1069 2576 mihi
1090 2529 1185 2576 meam

237 2598 360 2664 famam
382 2598 629 2683 commendasti3
652 2621 734 2684 quae
757 2600 861 2686 epieto
842 2599 894 2664 ola
914 2602 972 2664 tua
993 2599 1084 2682 eet,
1074 2621 1109 2663 m
1130 2617 1186 2682 que

237 2705 301 2752 non
322 2686 520 2754 mentionem
541 2687 719 2754 faeiastt
687 2687 802 2772 Itaque
823 2688 993 2771 irascatur,
1016 2687 1072 2771 qui
1093 2687 1184 2752 volet:

237 2774 357 2859 patiar3
384 2769 422 2839 τὸ
446 2769 511 2859 γὰρ
533 2763 571 2840 εὖ
593 2770 662 2860 μετ’
688 2775 784 2860 ἐμοῦ,
807 2737 995 2860 preesertini
1018 2797 1117 2859 quum
1138 2793 1186 2839 sex

237 2863 331 2930 libris
359 2866 527 2946 tamquam
562 2865 735 2948 praedibus
773 2885 824 2930 me
855 2864 924 2948 ipse
960 2862 1186 2942 obsttinxerim,

238 2974 319 3036 quos
354 2951 416 3016 tibi
446 2955 516 3018 tam
545 2952 638 3018 valde
669 2953 801 3037 probari
832 2950 966 3038 gaudeo.
1017 2951 1046 3016 Ε
1080 2909 1186 3036 quibui

239 3062 340 3106 unum
363 3035 534 3124 ἱστορικὸν
553 3040 690 3125 requiris
712 3041 752 3106 de
775 3038 833 3106 On
851 3039 973 3125 Flavio,
994 3038 1098 3104 Annii
1119 3039 1185 3104 filio

237 3126 298 3196 Ille
329 3149 405 3194 vero
437 3131 514 3196 aute
546 3128 742 3194 decemviros
772 3150 841 3194 non
875 3128 954 3212 fuit,
990 3128 1109 3213 quippe
1138 3123 1185 3210 qui

239 3215 352 3282 aedilis
375 3215 494 3282 curulis
516 3216 628 3299 fuerit,
658 3218 717 3302 qui
735 3218 945 3302 magistratus
967 3218 1079 3282 multis
1101 3213 1184 3281 annis

309 3441 361 3510 Ε
382 3449 450 3509 1'1
481 3444 800 3514 atipitarmeoffl.)?
841 3450 866 3498 8.
893 3441 1243 3526 aoameeetiomatt)

238 3527 388 3650 Ἢεὲιυ
382 3485 680 3652 &olivitatiffim
673 3515 725 3582 ,Β.
745 3529 909 3586 -meepae
927 3516 983 3584 (m
996 3514 1035 3583 t).
1053 3514 1183 3584 mipene
