2484 3974
256 211 326 278 396
541 213 581 269 Π,
599 213 724 270 mun
740 211 932 270 CICERONIS

254 355 342 443 quod
361 357 506 423 ostendis
517 361 552 422 te
573 358 714 444 pendere
731 358 846 442 animi,
867 380 1041 442 quamnam
1052 359 1195 424 rationem

252 447 316 512 sim
324 443 457 511 Caesari
474 447 632 512 allaturus
644 447 855 532 profectionis
869 469 960 512 meae
972 452 1052 532 tum,
1065 469 1156 532 quum
1164 471 1194 512 ex

251 532 350 600 Italia
371 534 582 600 discesserim.
607 533 699 600 Nihil
712 557 795 620 opus
808 539 859 600 est
871 535 952 600 mihi
973 557 1059 602 nova
1071 537 1197 602 ratione:

253 643 350 708 saepe
372 623 460 688 enim
481 623 524 688 ad
545 645 620 689 cum
648 624 763 708 scripsi
787 624 962 709 multisque
987 624 1137 690 mandavi
1155 647 1196 689 me

251 731 321 789 non
342 712 501 796 potuisse,
531 735 631 796 quum
653 714 828 798 rupissem,
858 733 1022 778 sermones
1044 713 1196 778 hominum

252 799 426 884 sustinere,
460 802 627 885 multaque
656 802 698 866 ‘in
729 823 800 866 eam
831 801 1027 866 sententiam
1059 837 1101 848 —
1128 801 1195 866 nihil

252 889 341 954 enim
358 892 437 973 erat,
460 888 547 973 quod
564 890 672 954 minus
686 911 760 954 eum
772 890 888 954 vellem
901 890 1094 974 existimare,
1115 911 1195 976 quam

250 997 304 1042 me
334 979 429 1043 tante
450 976 490 1042 de
516 999 552 1042 re
577 999 646 1044 non
672 1000 744 1043 meo
772 978 907 1043 consilio
934 999 1030 1042 usum
1059 999 1127 1044 esse
1155 1015 1197 1062 -,

250 1068 442 1150 posteaque,
478 1086 578 1150 quum
608 1066 690 1131 mihi
719 1067 847 1132 litterae
878 1088 898 1130 a
928 1065 1032 1132 Balbo
1063 1064 1195 1132 Cornelio

250 1154 376 1220 minore
411 1154 528 1220 missae
565 1157 674 1220 essent
708 1155 801 1220 illum
838 1155 1021 1220 existimare
1058 1153 1195 1231 Quintum

251 1241 386 1308 fratrem
418 1241 572 1327 „lituum“
601 1265 692 1308 meae
723 1243 933 1328 profectionis
964 1243 1066 1308 fuisse
1093 1279 1133 1292 -
1159 1245 1194 1306 ite

252 1331 339 1395 enim
362 1331 491 1416 scripsit
513 1367 571 1415 -,
593 1332 649 1416 qui
670 1331 815 1398 nondum
839 1352 1045 1418 cognossem,
1068 1354 1145 1416 quae
1164 1332 1195 1396 de

251 1440 302 1484 ma
326 1417 465 1496 Quintus
488 1420 669 1506 scripsisset
691 1421 733 1486 ad
754 1421 890 1502 multos,
912 1421 974 1484 etsi
996 1421 1099 1486 multu
1119 1442 1192 1504 prae

251 1528 326 1574 sens
348 1508 384 1574 in
405 1511 610 1593 praesentem
624 1509 737 1574 acerbe
752 1508 876 1574 dixerat
895 1512 929 1574 et
950 1509 1080 1592 fecerat,
1101 1512 1193 1574 tamen

250 1595 354 1662 nihilo
376 1598 484 1662 minus
506 1597 558 1662 his
571 1598 687 1663 ‘verbis
710 1597 752 1662 ad
774 1595 943 1662 Caesarem
967 1597 1093 1682 scripsi:

224 1701 238 1742 ι
317 1683 519 1769 „DeQuinto
540 1685 641 1752 fratre
663 1707 735 1751 meo
758 1706 827 1751 non
848 1685 955 1750 minus
977 1685 1091 1751 laboro
1112 1705 1192 1771 quam

251 1770 291 1836 da
322 1793 374 1837 me
405 1773 491 1858 ipso,
522 1774 579 1840 sed
611 1796 684 1839 eum
709 1774 771 1838 tibi
797 1773 1021 1839 commendare
1048 1774 1109 1840 hoc
1134 1795 1192 1838 meo

251 1861 396 1944 tempore
418 1883 486 1927 non
509 1863 626 1946 audem
651 1862 731 1928 illud
759 1861 927 1928 dumtaxat
953 1865 1064 1927 tamen
1086 1862 1191 1928 audebo

250 1950 359 2031 petere
383 1950 510 2035 abste,
541 1951 628 2035 quod
653 1955 687 2016 te
715 1973 785 2034 oro,
811 1971 853 2016 ne
880 1950 957 2034 quid
984 1951 1141 2016 existimes
1160 1950 1190 2014 ab

250 2035 307 2102 illo
330 2036 451 2104 factum
475 2059 560 2123 esse,
582 2060 646 2124 quo
669 2040 776 2106 minus
798 2060 871 2102 mea
892 2039 928 2102 in
949 2041 983 2104 te
1005 2039 1114 2105 officia
1132 2060 1189 2103 con·

251 2127 377 2192 starent
389 2126 536 2194 minusve
550 2131 582 2194 te
597 2127 772 2212 diligerem,
794 2127 965 2211 potiusque
981 2149 1107 2212 semper
1118 2127 1189 2191 illum

251 2216 415 2279 auctorem
428 2217 559 2280 nostrae
578 2215 814 2281 coniunctionis
832 2215 932 2280 fuisse
946 2216 1073 2300 meique
1086 2215 1189 2280 itineris

251 2302 412 2387 comitem,
432 2324 502 2368 non
525 2303 652 2369 ducem:
675 2325 774 2388 quare
788 2303 901 2368 ceteris
915 2303 950 2367 in
963 2304 1060 2369 rebus
1082 2308 1187 2370 tantum

251 2389 280 2453 ai
293 2390 426 2476 tribues,
440 2395 604 2476 ,quantum
616 2391 802 2458 humanitas
815 2395 873 2458 tua
886 2393 1091 2478 amicitiaque
1102 2397 1187 2457 vestra

249 2479 408 2563 postulat3
432 2501 493 2564 ego
517 2481 546 2545 ei
563 2501 605 2546 ne
624 2480 701 2564 quid
715 2480 847 2565 apudte
869 2480 984 2566 obsim,
1004 2481 1040 2547 id
1061 2485 1095 2547 te
1115 2481 1186 2546 vehe·

250 2567 376 2630 menter
398 2567 495 2632 etiam
519 2572 615 2653 atque
637 2569 736 2634 etiam
756 2567 866 2655 rogo.“

222 2667 237 2713 ⁸
317 2651 432 2740 Quare,
455 2657 483 2722 si
506 2657 577 2741 quis
600 2677 792 2743 congressus
813 2657 913 2722 fuerit
934 2657 1015 2722 mihi
1037 2680 1110 2726 cum
1130 2656 1186 2722 Gar

250 2761 331 2828 aare,
353 2741 416 2808 etsi
437 2765 505 2810 non
528 2745 651 2830 dubito,
673 2745 751 2829 quin
764 2746 793 2810 is
806 2746 889 2812 leuis
909 2746 946 2810 in
966 2746 1060 2812 illum
1081 2747 1186 2812 futuru

249 2829 294 2896 sit
315 2829 411 2916 idque
434 2833 499 2934 iam
522 2831 748 2935 declaraverit,
778 2854 840 2920 ego
861 2837 973 2900 tamen
996 2835 1028 2936 is
1055 2857 1123 2920 ero,
1149 2831 1185 2934 qui

247 2919 463 3076 iffi.
477 2915 772 3094 diremti
787 2923 1185 3096 ῗέᾱῗωῖῗῖοὲἱέἒὲἒέ

248 3093 371 3162 firmari
398 3096 541 3181 quotidie
568 3098 673 3183 magis
700 3098 742 3163 ad
769 3097 967 3164 condicionis
995 3121 1085 3184 spem
1112 3117 1183 3186 quau

248 3181 416 3270 detortae,
443 3185 531 3271 quod
556 3187 682 3253 utinam
708 3187 756 3252 its
782 3189 880 3252 esset!
916 3187 974 3253 sed
995 3189 1093 3274 longa
1115 3190 1184 3254 aliter

365 3411 862 3482 ,18,1.aoerteetds'crrst(w.)t
893 3443 928 3455 -
959 3411 1183 3472 maest

247 3407 559 3619 φᾶξῖιαιῗῧῖιᾱ
575 3499 599 3538 r.
615 3499 689 3553 spen
705 3501 731 3554 ς.
750 3485 788 3540 cd
804 3501 830 3540 e.
844 3484 930 3554 (W.)?
947 3487 987 3542 cd
998 3501 1072 3557 apen
1088 3502 1110 3544 c
1127 3498 1181 3552 Μ-
