2522 3960
628 147 641 180 1

253 226 320 290 228
539 229 577 283 Μ.
596 227 720 284 TULLII
737 227 927 284 CICERONIS

253 372 336 437 bene
357 371 438 438 facia
460 373 550 476 quod
568 394 636 440 non
649 374 787 476 dubitas,
809 378 842 438 et
858 375 938 477 titud
960 376 1061 478 probe
1081 375 1210 477 iudicas,

177 577 182 606 t
211 593 224 602 .,
242 465 667 615 :fittttnttutt
685 462 926 616 iiiiii&
947 485 1209 637 ttcjpttssd

253 637 301 702 rei
329 658 460 704 causam
487 659 561 703 vere
590 638 743 723 explicas,
774 642 809 704 et
839 641 900 724 eis,
931 661 1013 724 quae
1041 640 1081 704 de
1111 639 1208 705 Fabio

254 724 454 810 Caninioque
477 730 550 791 ecta
573 727 699 812 scribis,
719 727 813 792 velde
836 728 1057 812 consentiunt,
1080 729 1208 813 quaesi

253 834 344 879 secus
374 818 486 906 essent
515 818 684 899 totumque
716 837 751 879 se
776 816 831 880 ille
859 817 896 880 in
924 838 975 881 me
1006 817 1207 902 profudisset,

252 907 364 968 tamen
384 902 451 987 illa,
472 925 569 987 quam
587 904 709 988 scribis,
731 907 840 970 custos
852 904 941 969 urbis
955 926 1006 969 ma
1027 906 1207 990 praeclarae

252 991 472 1076 inscriptionis
499 1013 674 1057 memorem
700 1013 770 1057 csse
800 996 931 1078 cogeret
951 1013 1012 1058 nec
1034 993 1115 1058 mihi
1137 1015 1207 1059 con·

253 1080 389 1164 cederet,
410 1083 449 1145 ut
469 1080 613 1145 imitarer
629 1078 816 1145 Volcatium
839 1085 896 1145 aut
918 1079 1073 1165 Serrium,
1096 1083 1206 1167 quibus

111 1226 115 1231 .
252 1171 290 1233 tu
313 1190 347 1233 es
370 1171 552 1252 contentus,
574 1168 630 1232 sed
649 1169 770 1253 aliquid
784 1190 844 1234 nos
857 1170 955 1234 vellet
967 1169 1062 1234 nobis
1077 1171 1205 1255 dignum

253 1260 287 1320 et
313 1257 432 1322 sentire
460 1261 494 1321 et
522 1256 706 1342 defendere,
738 1257 824 1342 quod
851 1258 981 1342 quidem
1008 1278 1152 1343 agerem,
1181 1258 1205 1322 si

226 1344 376 1429 «liceret,
398 1345 462 1409 alio
484 1345 595 1429 modo,
623 1367 660 1410 ao
682 1366 770 1410 nunc
793 1346 954 1432 agendum
976 1349 1034 1411 est
1079 1347 1128 1411 De
1151 1367 1206 1411 sua

251 1433 401 1518 potentia
432 1433 587 1498 dimicant
617 1433 766 1499 homines
797 1433 860 1499 hcc
890 1437 1036 1519 tempore
1067 1436 1204 1520 periculo

253 1521 407 1586 civitatis:
443 1543 534 1607 nam,
564 1523 593 1586 si
623 1544 675 1587 res
701 1522 831 1607 publica
861 1523 1057 1608 defenditur,
1090 1545 1146 1588 cur
1172 1544 1203 1587 ea

254 1611 385 1675 consule
407 1611 464 1675 illo
487 1611 558 1695 ipso
573 1611 706 1676 defense
719 1633 787 1676 non
804 1611 876 1676 est?
899 1632 955 1676 cur
970 1633 1040 1697 ego,
1062 1612 1098 1676 in
1120 1612 1204 1676 cuius

253 1719 352 1762 causa
364 1697 410 1763 rei
423 1698 572 1783 publicae
586 1699 672 1764 salus
686 1699 891 1782 consistebat,
914 1681 1065 1766 defensus
1078 1704 1202 1786 postero

253 1806 340 1850 anno
363 1806 431 1851 nou
453 1787 547 1852 sum?
570 1809 626 1852 cur
639 1787 810 1871 imperium
822 1788 870 1852 illi
885 1790 1012 1852 auteur
1033 1788 1090 1854 illo
1112 1789 1198 1853 modo

252 1878 464 1960 prorogatum
485 1875 557 1940 cst?
580 1897 637 1941 cur
658 1879 751 1942 tanto
771 1897 866 1960 opere
889 1880 1070 1961 pugnatum
1093 1881 1151 1960 est,
1170 1877 1204 1940 ut

253 1963 293 2028 de
315 1963 384 2028 eius
407 1964 549 2028 absentis
572 1965 697 2029 ratione
719 1964 870 2029 habenda
890 1964 1000 2029 decem
1020 1964 1142 2030 tribuni
1164 1964 1201 2048 pl.

252 2051 396 2117 ferrent?
418 2051 470 2117 his
491 2052 546 2116 ille
568 2053 664 2117 rebus
686 2052 734 2117 ita
751 2053 923 2137 convaluit,
944 2056 983 2118 ut
994 2074 1082 2118 nunc
1095 2054 1129 2117 in
1141 2071 1200 2117 uuo
1246 2103 1247 2108 1

252 2140 711 2314 ttsttttdttttt
721 2139 1200 2295 stotttttttttet

226 2313 502 2467 sSed,·quoniam
523 2338 575 2383 res
596 2338 635 2383 eo
659 2317 796 2382 deducte
818 2321 876 2402 est,
897 2339 966 2382 non
988 2339 1147 2402 quaeram,
1168 2321 1197 2381 ut

254 2423 379 2469 scn1s:

433 2530 501 2595 ποῦ
523 2525 650 2614 σκάφος
671 2525 709 2596 τὸ
732 2530 801 2596 τῶν
820 2524 1011 2614 'Arcadem
1049 2615 1052 2621 Ι

253 2668 334 2734 mihi
355 2665 482 2754 σκάφος
503 2693 605 2736 unum
627 2671 701 2755 erit,
724 2671 810 2756 quod
832 2695 852 2737 a
873 2669 1028 2756 Pompeio
1051 2671 1195 2758 guberna·

253 2756 350 2822 bitur.
393 2757 478 2824 Illud
509 2760 630 2844 ipsum,
660 2759 747 2844 quod
778 2760 840 2845 ais,
871 2759 969 2866 „quid
1001 2759 1073 2843 fiet,
1111 2777 1195 2845 quum

253 2845 316 2910 erit
337 2844 458 2912 dictum
480 2845 763 2913 n1oM.Tvuu1?“
783 2870 841 2912 -2
863 2864 1025 2931 συπομα·
1049 2845 1108 2913 Cu.
1120 2847 1195 2912 Pou-

252 2951 332 3001 Pulo
354 2949 559 3018 Assume,
580 2937 689 3019 ipsum
705 2939 816 3001 tamen
828 2934 1018 3022 Pompeium
1038 2936 1195 3022 separatim

253 3021 296 3088 ad
318 3021 523 3088 concordiam
545 3023 714 3108 hortabor,
743 3025 789 3089 sic
811 3024 898 3089 enim
920 3024 1039 3108 sentio,
1071 3023 1195 3090 maximo
1244 3089 1245 3130 ,

324 3213 347 3268 Ε
371 3257 376 3268 .
395 3220 421 3282 8,
439 3220 464 3269 3.
487 3215 847 3286 commemoratam..
872 3217 916 3270 An
935 3218 1001 3271 anta
1018 3232 1089 3287 quoe
1107 3212 1193 3271 excidit

254 3232 371 3354 aliquiti,
388 3286 423 3338 ut
438 3301 508 3354 quoe
525 3287 558 3341 de
575 3303 616 3340 me
634 3290 697 3340 coto
713 3285 800 3342 aaut?
857 3285 924 3357 ulgo
942 3301 978 3341 c:
996 3301 1020 3357 q.
1058 3293 1084 3342 4.
1103 3283 1193 3342 concub

253 3356 302 3410 illo
314 3356 375 3424 ipro
389 3353 464 3424 (W).
484 3371 505 3411 c.
520 3357 573 3410 isto
586 3357 605 3410 ε’.
620 3356 714 3426 vulgo.
733 3385 767 3398 -
786 3357 841 3412 cios·
856 3372 917 3426 oper
930 3357 968 3412 od
979 3373 1003 3411 r.
1016 3358 1055 3412 eit
1072 3357 1162 3427 (Em).
1177 3369 1193 3407 o.

254 3440 296 3480 rec
314 3425 352 3481 od
369 3441 393 3479 r.
411 3425 448 3479 sit
465 3426 503 3494 Z,
525 3424 631 3480 MRIa.
663 3442 686 3481 c.
704 3428 776 3482 circe
793 3428 832 3482 od
848 3443 871 3482 r.
890 3428 947 3482 aiot
963 3427 1055 3482 Klots.
1075 3427 1152 3497 conj,
1170 3424 1193 3478 B.

255 3496 360 3630 (virio).
382 3496 447 3548 :at
464 3496 591 3551 Ambros.
611 3499 671 3564 η).
731 3502 756 3551 t.
791 3499 909 3552 assentio
935 3498 987 3568 (155,
1009 3515 1067 3569 mg.
1093 3498 1112 3554 L
1131 3499 1191 3562 1584,

254 3578 283 3616 o:
323 3569 359 3618 .?
1243 3583 1244 3588 ’
