2484 3974
228 215 489 274 EPISTULARUM
507 218 557 273 AD
575 217 742 275 AT'llOUM
762 219 796 276 X.
815 226 840 275 8.
949 217 1013 284 359

63 365 176 446 omnia,
206 363 407 450 siprcpero,
439 363 636 447 sicunctor,
659 363 782 430 amitto.
826 364 871 429 Et
892 367 1040 449 famame

63 450 229 536 midtticc,
252 451 389 540 auguria
411 472 537 536 quoque
559 469 618 517 me?
633 451 772 517 incitant
794 453 932 537 quadam
956 475 1012 538 spe

63 559 123 604 non
149 540 260 624 dubia,
291 561 352 606 nec
378 541 459 606 haec
481 541 608 626 collegii
635 541 740 606 nostri
767 540 808 605 ab
831 540 926 626 Atto,
958 542 1014 606 sed

63 627 112 692 illa
132 626 277 694 Platonis
304 628 344 693 de
366 629 529 714 tyrannis:
564 630 655 695 nullo
683 629 769 694 enim
795 628 891 696 modo
918 652 1014 714 posse

63 715 147 781 rideo
170 721 257 782 sture
284 717 384 781 istum
406 717 541 800 diutius,
573 718 653 802 quin
679 717 748 803 ipse
774 739 833 801 per
859 719 1012 784 seutiam

64 803 285 890 languentibus
307 804 402 871 nobis
425 807 586 891 concidat,
609 806 727 892 quippe
750 807 805 891 qui
827 805 1002 872 florentissi

64 913 127 956 mus
149 913 186 959 ac
208 915 314 959 novus
336 909 381 958 v1.
394 911 453 960 vn,
475 894 588 960 diebus
610 896 673 979 ipsi
694 895 743 959 illi
765 893 874 980 egenti
888 915 926 959 ac
944 916 1016 978 per·

63 979 141 1045 ditae
172 981 373 1046 multitudini
404 983 439 1047 in
470 983 579 1049 odium
611 983 852 1048 acerbissimum
883 983 1016 1067 venerit,

64 1068 113 1151 qui
134 1069 270 1136 duarum
292 1089 400 1136 rerum
423 1071 662 1138 simulationem
685 1075 754 1138 tam
776 1073 840 1138 cito
864 1071 1016 1156 amiserit,

17 1221 18 1224 ,
63 1159 312 1224 mansuetudinis
347 1159 383 1224 in
418 1159 564 1244 Metello,
600 1160 785 1227 divitiarum
815 1161 851 1225 in
882 1160 1015 1226 aerario.

63 1242 128 1310 lam
155 1247 272 1331 quibus
303 1250 412 1314 utetur
442 1249 494 1314 rel
526 1249 621 1314 sociis
652 1250 703 1313 vel
730 1248 901 1333 ministris,
933 1248 961 1316 si
991 1247 1016 1313 ii

63 1334 253 1420 provincias,
280 1336 309 1400 si
330 1358 400 1401 rem
421 1337 584 1421 publicam
606 1340 733 1424 regent,
760 1358 897 1422 quorum
917 1358 1015 1403 nemo

63 1420 121 1486 duo
145 1441 273 1489 menses
300 1425 408 1509 potuit
433 1426 664 1509 patrimonium
692 1447 785 1492 suum
813 1426 1016 1512 gubernare?

64 1507 133 1576 Non
163 1516 242 1578 sunt
273 1513 383 1578 omnia
419 1515 613 1600 colligenda,
651 1534 733 1599 quae
763 1518 801 1579 tu
833 1515 1044 1580 acutissimer

64 1599 225 1684 perspicis,
248 1601 304 1666 sed
326 1604 436 1667 tamen
458 1623 498 1667 ea
519 1619 604 1688 pone
627 1607 703 1668 ante
726 1604 853 1670 oculos:
880 1602 945 1669 iam
967 1603 1015 1668 in-

64 1687 182 1773 telliges
204 1689 238 1754 id
267 1709 405 1775 regnum
427 1690 480 1756 rix
502 1695 655 1756 semestre
678 1713 748 1758 esee
774 1713 878 1776 posse.
922 1690 1016 1768 Quod

66 1775 88 1838 si
100 1795 149 1841 me
161 1776 322 1862 fefellerit,
344 1779 456 1864 feram,
479 1778 563 1845 sicut
575 1780 670 1846 multi
684 1781 853 1846 clarissimi
867 1780 1016 1846 homines

66 1862 93 1926 in
123 1883 156 1929 re
187 1866 319 1949 publica
346 1868 538 1933 excellentes
569 1870 727 1954 tulerunt,
758 1870 822 1934 nisi
852 1868 937 1934 forto
964 1889 1016 1934 me

66 1947 268 2038 Sardanapali
291 1955 393 2020 vicem
407 1956 443 2022 in
456 1978 527 2022 meo
541 1957 659 2023 lectulo
680 1958 763 2022 mori
785 1957 881 2021 malle
905 1977 1017 2022 censu·

66 2041 118 2105 eris
142 2063 240 2126 quam
253 2045 289 2108 in
301 2044 413 2110 exsilio
428 2043 672 2128 Themistocleo,
695 2046 750 2130 qui
772 2067 872 2129 quum
892 2044 1017 2129 fuisset,

67 2131 95 2193 ut
107 2131 154 2194 ait
166 2130 379 2217 Thucydides,
399 2133 468 2198 τῶν
490 2129 553 2217 μὲν
574 2129 752 2217 παρόντων
775 2125 821 2196 δι’
846 2131 1017 2216 ἐλαχίστης

67 2217 180 2303 βουλῆς
211 2215 385 2304 αράτιστος
410 2217 571 2305 γνώμων,
601 2222 669 2286 τῶν
698 2217 735 2286 dt
761 2216 952 2310 μελλόντων
984 2219 1017 2297 ἐς

67 2311 213 2372 πλεῖστον
234 2309 296 2373 τοῦ
316 2307 546 2393 γενησομένου
567 2305 701 2394 ἄριστος
723 2304 884 2393 εἰκαστής,
905 2312 1017 2374 tamen

67 2391 171 2461 incidit
201 2397 238 2460 in
269 2417 334 2476 eos,
351 2419 458 2482 casua
489 2419 570 2482 quos
597 2399 744 2483 vitasset,
776 2399 803 2463 si
834 2419 907 2463 eum
934 2397 1018 2462 nihil

68 2479 239 2552 fefellisset:
262 2485 323 2551 etsi
344 2486 373 2551 is
396 2489 474 2570 erat,
496 2490 533 2552 ut
555 2487 602 2551 ait
622 2488 717 2573 idem,
739 2487 795 2572 qui
815 2481 853 2552 τὸ
878 2481 1018 2571 ἄμεινον

68 2567 163 2638 καὶτὸ
179 2576 292 2657 χεῖρον
306 2572 401 2662 ἐντῷ
416 2568 541 2658 ἀφανεῖ
552 2577 599 2639 ἔτι
623 2571 710 2660 ἑολρα
732 2571 884 2659 μάλιστα,
906 2578 1018 2641 tamen

69 2676 124 2724 non
146 2661 237 2746 vidit,
258 2683 319 2727 nec
341 2663 501 2747 quomodo
516 2663 843 2729 Lacedaemoniorum
864 2685 924 2729 nec
938 2687 1017 2749 quo-

69 2748 154 2814 modo
182 2771 313 2815 suorum
340 2751 458 2816 civium
483 2752 639 2817 invidiam
670 2752 825 2839 effugeret
850 2771 910 2818 nec
939 2752 1016 2836 quid

71 2831 230 2902 Artaxerxi
261 2839 475 2922 polliceretur.
519 2839 596 2906 Non
627 2839 743 2905 fuisset
773 2841 830 2905 illa
855 2860 922 2904 nox
947 2843 1016 2904 tam
1112 2921 1114 2926 A

71 2926 174 2990 uerba
196 2925 363 3012 Africano,
386 2928 623 3013 sapientissimo
646 2929 715 2995 viro
747 2949 815 2993 non
837 2930 906 2994 tam
928 2928 1016 2993 dirus

72 3009 113 3078 iu
137 3014 204 3080 aas
218 3013 371 3080 sullanus
394 3015 599 3082 curassem>
623 3017 692 3083 viro
707 2979 741 3083 ὀ.
755 3015 868 3100 Mario,
891 3015 919 3080 c
934 3016 1017 3082 aaa

72 3103 230 3187 utrumque
259 3125 371 3170 eorum
397 3103 573 3172 fefellisset
616 3103 687 3174 Nos
714 3109 824 3170 tamm
849 3103 913 3170 hoc
941 3125 1017 3172 con·

130 3276 180 3346 Ep.
201 3283 226 3344 8,
245 3284 268 3332 6.
292 3293 341 3333 nec
357 3278 423 3334 hoec
441 3279 521 3348 (Ml).
539 3295 597 3338 νον
613 3279 639 3333 λ.
658 3279 729 3349 (lla,
747 3277 854 3349 RIB.)?
873 3307 906 3319 -
924 3283 1017 3333 staur

74 3341 118 3406 (W.
134 3350 164 3402 et
180 3347 314 3417 Kayser).
333 3353 431 3404 utam
447 3349 541 3420 vulgo.
560 3379 594 3390 -
612 3351 639 3404 aa·
655 3365 711 3404 ron
724 3363 756 3419 p.
775 3349 844 3419 (Ml,
863 3349 893 3419 l.,
911 3349 1016 3419 vulgo).

74 3413 459 3491 citrenp.ala,ah.,1t.,
484 3420 534 3475 aed
551 3437 585 3474 ea
603 3421 641 3487 λε’,
659 3420 689 3475 Β.
741 3426 764 3475 t.
797 3421 828 3474 io
845 3435 902 3474 meo
921 3420 1017 3474 lectulo

76 3481 167 3558 (forn).
184 3489 300 3544 iuml.
312 3490 423 3545 MRIB.
438 3492 604 3560 -qucmin
613 3506 667 3546 εαε.
689 3491 738 3544 lla.
757 3490 832 3560 (W.).
851 3507 906 3560 αα
920 3489 1015 3561 vulgo.

77 3579 102 3593 -
119 3553 161 3612 lul
178 3563 308 3616 πλεῖστον
327 3561 397 3627 (lut,
416 3560 623 3632 Thucydideo?
647 3591 681 3602 -
699 3555 830 3633 προεώρα
848 3561 975 3633 (chucus
