2510 3958
159 211 422 270 EPISTOLARUM
440 214 490 269 AD
508 214 673 272 ATTICUII
690 215 764 271 VIII.
785 219 895 272 12-14.
939 213 1004 278 293

480 429 571 498 ΧΙΙΙ.

184 547 243 603 Ser.
263 549 382 606 Formiis
401 551 535 607 Kalendis
552 552 663 609 Martiis
681 569 706 608 a.
725 571 751 608 n.
770 567 793 608 c.
814 557 873 609 rot.

339 655 468 713 CICERO
487 657 620 714 ATTICO
639 657 715 713 SAL.

110 761 333 850 Lippitudinis
347 787 437 832 meae
452 767 580 853 signum
597 766 659 833 tibi
681 767 725 831 sit
745 767 869 832 librarii
890 787 1031 832 manusr

52 853 81 914 ct
101 853 216 918 eadem
239 875 336 919 causa
358 855 539 934 brevitatis,
562 854 624 920 etsi
645 877 732 920 nunc
755 855 896 940 quidem,
919 853 1006 944 quod

52 940 229 1027 scriberem,
251 943 334 1009 nihil
356 947 434 1009 erat.
461 942 573 1009 Omnis
587 943 782 1030 exspectatio
801 947 914 1009 nostra
937 945 1006 1007 erat

53 1028 83 1090 in
104 1031 229 1096 nuntiis
251 1029 471 1098 Brundisinis:
494 1033 523 1098 si
544 1036 681 1100 nanctus
695 1032 748 1099 hic
762 1035 847 1098 esset
860 1029 1006 1098 Gnaeum

54 1121 204 1204 nostrum,
228 1141 301 1204 spes
317 1120 416 1185 dubia
437 1121 536 1206 pacis,
559 1121 609 1186 sin
631 1121 686 1186 ille
708 1123 783 1187 ante
806 1119 1006 1204 tramisisset,

54 1206 175 1273 exitiosi
196 1208 276 1273 belli
297 1211 412 1275 metus.
440 1207 502 1292 Sed
515 1210 655 1294 videsne,
676 1209 712 1276 in
726 1231 821 1294 quern
842 1207 1006 1274 hominem

55 1294 197 1362 incident
218 1318 270 1362 res
292 1297 443 1382 publica?
471 1321 568 1384 quam
591 1302 730 1384 acutum,
752 1319 849 1384 quam
871 1297 1014 1383 vigilan-⁴

55 1386 129 1468 tem,
159 1407 257 1470 quam
278 1385 451 1471 paratum?
487 1388 515 1452 si
537 1385 718 1452 mehercule
740 1388 902 1452 neminem
925 1385 1006 1450 occi-

56 1471 133 1537 derit
153 1494 213 1539 nec
236 1474 385 1560 cuiquam
408 1473 583 1561 quidquam
605 1473 773 1560 ademarii,
802 1476 844 1540 ab
866 1475 919 1558 iis,
951 1473 1007 1557 qui

57 1580 124 1626 cunr
146 1562 283 1628 maxime
305 1564 489 1650 timuerant,
511 1564 648 1630 maxime
671 1564 831 1650 diligetur.
866 1561 1032 1628 Multumr

58 1670 174 1714 mecum
209 1652 420 1738 municipales
455 1653 603 1720 homiues
637 1655 827 1738 loquuntur,
869 1651 1007 1716 multum

58 1739 220 1804 rusticani:
242 1740 326 1805 nihil
348 1763 480 1826 prorsus
495 1742 581 1807 aliud
596 1746 711 1807 curant
730 1741 794 1806 nisi
816 1762 922 1826 agros,
943 1739 1007 1804 nisi

60 1825 187 1913 villulas,
200 1829 265 1894 nisi
278 1831 461 1906 nummulos
476 1852 561 1896 suos.
588 1829 633 1896 Et
648 1830 728 1915 vide,
742 1851 838 1915 quam
853 1849 1007 1916 conversa

60 1935 105 1979 res
119 1915 172 1981 sit:
194 1917 296 2002 illum,
318 1939 382 2002 quo
397 1923 493 1984 antea
505 1919 719 2003 confidebant,
741 1920 899 2002 metuunt,
920 1917 1007 1981 hunc

62 2007 171 2088 amant,
194 2028 290 2091 quem
307 2007 475 2072 timebant.
510 2006 549 2072 Id
572 2007 701 2092 quantis
724 2006 844 2072 nostris
866 2005 1007 2089 peccatis

62 2089 199 2178 vitiisque
214 2095 365 2178 evenerit,
378 2117 446 2161 non
458 2117 591 2181 possum
606 2096 674 2161 sine
688 2093 837 2159 molestia
850 2093 1007 2178 cogita1e3

63 2199 135 2262 quac
157 2186 266 2248 autern
287 2183 470 2267 impendere
492 2187 649 2270 putarem,
671 2182 861 2268 scripseram
875 2181 915 2246 ad
929 2184 962 2245 te
975 2183 1009 2244 et
1036 2211 1039 2214 ·

62 2265 121 2333 iam
140 2273 212 2336 tuas
234 2270 361 2337 litteras
385 2273 619 2358 exspectabam.

486 2500 576 2567 XIV.

126 2618 180 2675 Scr.
199 2620 319 2676 Formiis
338 2637 363 2677 a.
383 2621 409 2678 d.
428 2622 475 2678 VI.
493 2621 590 2678 Nonas
608 2621 725 2678 Martias
744 2639 769 2678 a.
787 2640 813 2678 u.
834 2639 857 2678 c.
878 2629 937 2678 705.

339 2725 468 2783 CICERO
486 2728 620 2784 ATTICO
640 2728 716 2786 sat.

120 2830 194 2900 Non
217 2835 340 2921 dubito,
363 2836 442 2921 quin
463 2836 525 2902 tibi
539 2837 668 2904 odiosae
683 2839 749 2903 sint
762 2839 916 2923 epistolae
931 2859 1007 2921 quo·
1022 2856 1034 2894 r

65 2917 202 3007 titanae,
225 2945 325 3007 quum
345 2926 535 3009 praesertim
557 2947 661 3010 neque
682 2948 769 2992 nova
782 2927 821 2991 de
843 2947 878 2990 rc
901 2926 1009 3009 aliqua

66 3009 219 3076 certi0rem
245 3015 280 3076 te
301 3013 420 3078 faciam
441 3035 545 3098 nequa
574 3036 693 3080 novam
716 3014 852 3098 denique
874 3013 940 3077 iam
961 3035 1009 3078 re-

65 3097 174 3175 periam
196 3101 357 3166 scribendi
380 3103 479 3166 ullam
502 3103 704 3169 sententiam.
750 3100 828 3185 Sed,
851 3101 879 3166 si
902 3101 1010 3166 dedita

67 3203 164 3271 opera,
195 3210 296 3273 quum
327 3211 425 3255 causa
451 3191 541 3255 nulla
567 3195 665 3276 esset,
696 3190 881 3256 tabellarios
909 3188 949 3253 ad
976 3193 1008 3254 te

67 3290 128 3337 curn
156 3276 309 3342 inanibus
340 3278 485 3363 epistolis
516 3279 690 3363 mitterem,
720 3279 860 3343 facerem
891 3277 1009 3362 inepte,

67 3363 203 3430 euntibus
225 3387 312 3450 vero,
335 3366 518 3432 domesticis
540 3367 738 3452 pracsertim,
761 3370 798 3431 ut
817 3365 898 3431 nihil
913 3365 953 3430 ad
976 3369 1008 3430 te

68 3445 127 3514 dem
157 3452 350 3540 litterarum,
380 3455 486 3520 iacere
517 3477 585 3521 non
615 3477 748 3539 possum
779 3458 813 3521 et
843 3455 939 3522 simul
965 3488 1008 3501 —

68 3538 146 3604 crede
176 3541 256 3608 mihi
281 3581 320 3590 -
344 3544 510 3630 requiesco
541 3544 686 3629 paullum
716 3544 753 3608 in
782 3543 834 3610 his
863 3542 1015 3625 miseriis,
