2608 3972
245 225 504 282 EPISTOLARUM
521 225 571 282 An
589 225 757 284 AT'HCUM
773 226 795 282 1.
816 232 857 280 12.
877 233 918 282 13.
1018 226 1059 289 15

101 368 232 437 hercule
245 391 332 436 eram
345 372 382 435 in
396 370 564 436 scribendo
579 371 809 456 conturbatior,
831 393 908 436 nam
920 392 1001 455 puer
1012 369 1060 436 fe·

100 460 216 544 stivus,
229 463 425 546 anagnostes
438 463 558 544 noster,
572 457 738 524 Sositheus
752 459 932 526 decesserat
945 480 1058 544 meque

100 549 191 632 plus,
221 570 316 634 quam
344 548 429 612 servi
455 569 543 612 mors
570 547 685 612 debere
707 547 889 632 ridebatur,
920 568 1059 612 commo·

100 639 201 701 verat
248 635 300 700 Tu
335 636 433 700 velim
466 655 560 720 saepe
598 635 639 700 ad
670 656 732 699 nos
761 636 895 700 scribas:
932 637 961 701 si
990 657 1059 700 rem

99 723 224 788 nullam
244 723 396 806 habebis,
427 723 514 808 quod
535 724 571 788 in
593 723 728 788 buccam
750 725 887 808 venerit,
918 723 1060 790 scribito.

100 811 174 876 Kal.
195 812 356 877 Ianuariis
379 811 423 878 M.
445 811 599 878 Messalla
620 811 666 876 M.
687 811 806 877 Pisone
828 831 909 878 coss.

183 1072 243 1130 Sor.
261 1073 369 1128 Romae
386 1089 412 1128 a.
431 1072 458 1128 d.
477 1072 524 1128 vl,
535 970 759 1130 {illinllebruar
781 1090 806 1129 a.
825 1092 852 1130 u.
870 1091 895 1128 c.
913 1079 974 1130 69³.

390 1177 520 1234 CICERO
539 1177 674 1234 ATTICO
694 1178 769 1234 SAL.

165 1284 289 1371 Accepi
310 1290 385 1352 tuas
406 1290 474 1352 tres
497 1287 562 1352 iam
585 1287 751 1373 epistolas:
774 1309 873 1354 unam
891 1287 968 1354 aM.
982 1283 1084 1354 Cor-1

100 1375 199 1460 nelio,
232 1395 331 1460 quam
353 1395 375 1439 a
397 1374 514 1440 Tribus
536 1374 708 1460 Tabernis,
739 1380 777 1441 ut
799 1377 915 1463 opinor
954 1377 985 1441 ei
1006 1377 1058 1441 de·

100 1463 188 1549 diali,
222 1465 372 1548 alteram,
403 1485 501 1550 quam
531 1463 612 1528 mihi
634 1461 816 1529 Canusinus
842 1427 923 1529 tund
940 1461 1058 1549 hospes

99 1551 249 1636 reddidit,
271 1553 410 1636 tertiam,
433 1574 540 1637 quam,
561 1555 599 1616 ut
613 1552 735 1636 scribis,
758 1574 876 1618 ancora
900 1553 1005 1618 soluta
1019 1552 1058 1618 de

99 1640 234 1724 phaselo
259 1640 388 1723 dedisti3
416 1661 498 1726 quae
520 1640 654 1705 fuerunt
676 1661 801 1725 omnes,
830 1646 867 1705 ut
892 1640 1059 1706 rhetorum

98 1728 191 1813 pueri
219 1729 411 1813 loquuntur,
447 1750 547 1812 quum
577 1729 790 1793 humanitatis
822 1750 952 1813 sparsae
984 1731 1059 1814 sale,

97 1823 169 1880 tum
198 1815 346 1902 insignes
377 1817 496 1881 amoris
526 1817 625 1881 notis:
663 1817 778 1902 quibus
811 1817 956 1901 epistolis
988 1839 1059 1883 sum

98 1904 250 1990 equidem
267 1905 326 1969 abs
348 1905 381 1969 te
403 1903 573 1972 lacessitus
596 1905 638 1968 ad
659 1904 912 1989 rescribendum,
935 1906 990 1970 sed
1012 1905 1059 1970 id·

98 1993 184 2058 cireo
210 2014 282 2056 sum
305 1991 437 2077 tardior,
459 1993 545 2076 quod
568 2013 637 2058 non
658 1993 787 2058 invenio
809 1993 937 2058 fidelem
958 1992 1059 2058 tabel-

97 2081 219 2146 larium
241 2117 285 2127 -
309 2085 427 2164 quotus
451 2081 537 2145 enim
560 2081 694 2166 quisque
718 2085 775 2165 est,
807 2083 862 2165 qui
890 2081 1060 2165 epistolam

89 2170 212 2254 paullo
235 2169 418 2254 graviorem
439 2168 524 2233 ferre
545 2169 662 2254 possit,
688 2169 752 2233 nisi
775 2191 846 2233 eam
868 2169 1059 2255 pellectione

96 2257 275 2324 relevarit?
290 2281 346 2340 -3
369 2256 492 2322 accedit
506 2277 553 2341 eo,
576 2257 662 2342 quod
676 2256 756 2320 mihi
769 2278 837 2320 non
850 2255 868 2295 '¹‘
882 2257 910 2340 ³³,
923 2259 961 2320 ut
975 2257 1060 2340 quis-

97 2368 162 2430 que
185 2345 221 2409 in
243 2344 381 2431 Epirum
403 2344 627 2431 proficiscitur,
660 2365 720 2431 ego
753 2344 839 2409 enim
865 2347 897 2408 tc
921 2344 1060 2410 arbitror

98 2434 204 2498 caesis
228 2433 315 2520 apud
337 2432 544 2498 Amaltheam
570 2437 661 2498 tuam
687 2433 825 2498 victimis
853 2433 963 2497 statim
990 2455 1059 2498 esse

100 2521 142 2586 ad
165 2520 339 2606 Sicyonem
352 2521 606 2608 oppugnandum
628 2520 810 2606 profectum
824 2542 927 2606 neque
950 2525 1061 2588 tamen

100 2609 133 2674 id
156 2610 267 2694 ipsum
290 2613 413 2674 semum
434 2609 549 2694 habeo,
572 2610 701 2694 quando
725 2610 766 2675 ad
784 2608 965 2675 Antonium
986 2632 1060 2695 pro·

101 2698 246 2762 ficiseare
278 2700 336 2762 aut
368 2698 444 2784 quid
475 2699 510 2763 in
541 2697 642 2782 Epiro
674 2699 829 2782 temporis
860 2719 977 2782 ponas:
1013 2700 1060 2764 ita

101 2785 925 2940 ltltttllitssl⁰tilllattbtl²⁰ltl
949 2788 1086 2942 titt,

101 2966 178 3046 post
201 2963 378 3027 discessum
392 2985 412 3026 a
425 2985 476 3026 me
490 2967 582 3027 tuum
596 2984 646 3028 res
661 2964 778 3049 dignae
792 2963 908 3028 litteris
931 2964 1061 3046 nostris,

104 3050 160 3115 sed
191 3072 262 3116 non
290 3050 538 3116 committendae
566 3051 722 3117 eiusmodi
748 3052 904 3136 periculo,
935 3055 973 3115 ut
1004 3055 1061 3115 aut

103 3139 235 3204 interire
259 3142 317 3203 aut
339 3139 457 3223 aperiri
480 3142 537 3203 aut
562 3140 712 3222 intercipi
737 3141 872 3224 possint.
917 3137 1060 3202 Primum

103 3226 204 3312 igitur
227 3227 309 3293 scito
332 3227 473 3312 primum
495 3249 546 3292 me
568 3248 637 3293 non
664 3245 733 3292 e'sse
760 3231 910 3312 rogatum
933 3228 1060 3289 senten·
1157 3283 1163 3300 ,

148 3341 201 3411 Ep.
220 3347 267 3409 13,
288 3347 312 3395 1.
340 3358 422 3410 quam
436 3358 454 3394 o
470 3342 571 3396 Trieres
587 3343 618 3396 T.
633 3344 695 3410 (ael.
709 3345 773 3411 W.).
788 3346 848 3400 Om.
871 3362 890 3399 u
907 3344 1001 3415 vulgo.
1026 3373 1060 3385 -

103 3433 208 3473 ancora
233 3416 346 3472 sableta
368 3416 429 3486 (l.)?
461 3445 495 3456 ·—
521 3417 687 3485 perlectioue
708 3416 799 3485 (RI.)‘?
825 3415 946 3484 peltz,
969 3415 1060 3485 aaa,

105 3487 166 3543 edd.
187 3487 257 3542 Mal.
290 3513 325 3527 ·—
356 3488 481 3552 ηυνξ
503 3492 535 3540 ut
558 3487 633 3556 (W).
669 3501 727 3541 noa
740 3487 856 3554 perinde
874 3489 924 3553 est,
942 3490 975 3540 ut
992 3485 1060 3555 (Or.)

104 3558 291 3615 similiterre?
313 3571 371 3613 aon
384 3560 409 3624 *,
426 3562 459 3612 at
471 3557 502 3612 B.
517 3587 551 3598 -
569 3557 784 3628 oppugnandum
798 3555 838 3624 (l.)
