<?xml version="1.0" encoding="UTF-8"?>
<!DOCTYPE html PUBLIC "-//W3C//DTD XHTML 1.0 Transitional//EN"
    "http://www.w3.org/TR/xhtml1/DTD/xhtml1-transitional.dtd">
<html xmlns="http://www.w3.org/1999/xhtml" xml:lang="en" lang="en">
 <head>
  <title>
</title>
<meta http-equiv="Content-Type" content="text/html;charset=utf-8" />
  <meta name='ocr-system' content='tesseract 3.04.00' />
  <meta name='ocr-capabilities' content='ocr_page ocr_carea ocr_par ocr_line ocrx_word'/>
</head>
<body>
  <div class='ocr_page' id='page_1' title='image "./epistolae01wesegoog_0552.png"; bbox 0 0 2594 3976; ppageno 0'>
   <div class='ocr_carea' id='block_1_1' title="bbox 309 903 1146 1298">
    <p class='ocr_par' dir='ltr' id='par_1_1' title="bbox 309 903 1146 1298">
     <span class='ocr_line' id='line_1_1' title="bbox 398 903 1070 992; baseline 0.006 -4"><span class='ocrx_word' id='word_1_1' title='bbox 398 903 456 988; x_wconf 91' lang='lat' dir='ltr'>M.</span> <span class='ocrx_word' id='word_1_2' title='bbox 486 906 706 989; x_wconf 75' lang='lat' dir='ltr'>TULLII</span> <span class='ocrx_word' id='word_1_3' title='bbox 733 905 1070 992; x_wconf 72' lang='lat' dir='ltr'>CICERONIS</span> 
     </span>
     <span class='ocr_line' id='line_1_2' title="bbox 309 1063 1146 1140; baseline 0.005 -4"><span class='ocrx_word' id='word_1_4' title='bbox 309 1063 733 1138; x_wconf 74' lang='lat' dir='ltr'>uelsroanaum</span> <span class='ocrx_word' id='word_1_5' title='bbox 773 1065 847 1138; x_wconf 79' lang='lat' dir='ltr'>AD</span> <span class='ocrx_word' id='word_1_6' title='bbox 883 1067 1146 1140; x_wconf 77' lang='lat' dir='ltr'><strong>ATTIOUM</strong></span> 
     </span>
     <span class='ocr_line' id='line_1_3' title="bbox 442 1219 1020 1298; baseline 0.007 -13"><span class='ocrx_word' id='word_1_7' title='bbox 442 1219 575 1286; x_wconf 78' lang='lat' dir='ltr'>amaa</span> <span class='ocrx_word' id='word_1_8' title='bbox 599 1219 791 1298; x_wconf 74' lang='lat' dir='ltr'>colurus</span> <span class='ocrx_word' id='word_1_9' title='bbox 813 1221 1020 1289; x_wconf 76' lang='lat' dir='ltr'>aceruus.</span> 
     </span>
    </p>
   </div>
   <div class='ocr_carea' id='block_1_2' title="bbox 677 1400 784 1410">
    <p class='ocr_par' dir='ltr' id='par_1_2' title="bbox 677 1400 784 1410">
     <span class='ocr_line' id='line_1_4' title="bbox 677 1400 784 1410; baseline 0.009 -1"><span class='ocrx_word' id='word_1_10' title='bbox 677 1400 784 1410; x_wconf 59' lang='grc' dir='ltr'>...η-.-</span> 
     </span>
    </p>
   </div>
   <div class='ocr_carea' id='block_1_3' title="bbox 707 1478 815 1588">
    <p class='ocr_par' dir='ltr' id='par_1_3' title="bbox 707 1478 815 1588">
     <span class='ocr_line' id='line_1_5' title="bbox 707 1478 815 1588; baseline 0.009 -1"><span class='ocrx_word' id='word_1_11' title='bbox 707 1521 775 1588; x_wconf 87' lang='lat' dir='ltr'>I.a.</span> <span class='ocrx_word' id='word_1_12' title='bbox 813 1478 815 1482; x_wconf 23' lang='grc' dir='ltr'>Ι</span> 
     </span>
    </p>
   </div>
   <div class='ocr_carea' id='block_1_4' title="bbox 252 1639 1199 1806">
    <p class='ocr_par' dir='ltr' id='par_1_4' title="bbox 252 1639 1199 1806">
     <span class='ocr_line' id='line_1_6' title="bbox 252 1639 1199 1716; baseline 0.003 -20"><span class='ocrx_word' id='word_1_13' title='bbox 252 1639 309 1698; x_wconf 81' lang='lat' dir='ltr'>Ser.</span> <span class='ocrx_word' id='word_1_14' title='bbox 333 1642 364 1697; x_wconf 89' lang='lat' dir='ltr'>in</span> <span class='ocrx_word' id='word_1_15' title='bbox 382 1639 537 1716; x_wconf 83' lang='lat' dir='ltr'>Puteolano</span> <span class='ocrx_word' id='word_1_16' title='bbox 560 1659 585 1698; x_wconf 82' lang='lat' dir='ltr'>a</span> <span class='ocrx_word' id='word_1_17' title='bbox 604 1643 632 1698; x_wconf 77' lang='lat' dir='ltr'>cl.</span> <span class='ocrx_word' id='word_1_18' title='bbox 650 1643 723 1698; x_wconf 83' lang='lat' dir='ltr'><strong>XVI.</strong></span> <span class='ocrx_word' id='word_1_19' title='bbox 742 1643 883 1700; x_wconf 83' lang='lat' dir='ltr'>Kalendas</span> <span class='ocrx_word' id='word_1_20' title='bbox 901 1642 995 1700; x_wconf 83' lang='lat' dir='ltr'>Iuniae</span> <span class='ocrx_word' id='word_1_21' title='bbox 1014 1661 1039 1700; x_wconf 89' lang='lat' dir='ltr'>a.</span> <span class='ocrx_word' id='word_1_22' title='bbox 1057 1662 1085 1700; x_wconf 85' lang='lat' dir='ltr'>u.</span> <span class='ocrx_word' id='word_1_23' title='bbox 1105 1661 1128 1700; x_wconf 82' lang='lat' dir='ltr'>o</span> <span class='ocrx_word' id='word_1_24' title='bbox 1147 1649 1199 1700; x_wconf 68' lang='lat' dir='ltr'>llo,</span> 
     </span>
     <span class='ocr_line' id='line_1_7' title="bbox 540 1747 917 1806; baseline 0.003 -2"><span class='ocrx_word' id='word_1_25' title='bbox 540 1747 671 1805; x_wconf 76' lang='lat' dir='ltr'>CICERO</span> <span class='ocrx_word' id='word_1_26' title='bbox 690 1749 823 1806; x_wconf 82' lang='lat' dir='ltr'>ATTICO</span> <span class='ocrx_word' id='word_1_27' title='bbox 842 1749 917 1805; x_wconf 76' lang='lat' dir='ltr'>SAL.</span> 
     </span>
    </p>
   </div>
   <div class='ocr_carea' id='block_1_5' title="bbox 223 1855 1210 3002">
    <p class='ocr_par' dir='ltr' id='par_1_5' title="bbox 226 1855 1206 2829">
     <span class='ocr_line' id='line_1_8' title="bbox 226 1855 1204 1942; baseline 0.003 -21"><span class='ocrx_word' id='word_1_28' title='bbox 226 1882 236 1920; x_wconf 90' lang='grc' dir='ltr'>ι</span> <span class='ocrx_word' id='word_1_29' title='bbox 317 1855 345 1924; x_wconf 91' lang='grc' dir='ltr'><strong>Ο</strong></span> <span class='ocrx_word' id='word_1_30' title='bbox 375 1857 498 1924; x_wconf 83' lang='lat' dir='ltr'>fectum</span> <span class='ocrx_word' id='word_1_31' title='bbox 529 1860 613 1923; x_wconf 90' lang='lat' dir='ltr'>male</span> <span class='ocrx_word' id='word_1_32' title='bbox 649 1859 689 1924; x_wconf 85' lang='lat' dir='ltr'>de</span> <span class='ocrx_word' id='word_1_33' title='bbox 720 1859 891 1924; x_wconf 79' lang='lat' dir='ltr'><strong>Alexione!</strong></span> <span class='ocrx_word' id='word_1_34' title='bbox 932 1859 1119 1924; x_wconf 80' lang='lat' dir='ltr'>incredibile</span> <span class='ocrx_word' id='word_1_35' title='bbox 1151 1862 1204 1942; x_wconf 85' lang='lat' dir='ltr'>est,</span> 
     </span>
     <span class='ocr_line' id='line_1_9' title="bbox 251 1947 1202 2033; baseline 0.001 -22"><span class='ocrx_word' id='word_1_36' title='bbox 251 1950 373 2030; x_wconf 83' lang='lat' dir='ltr'>quanta</span> <span class='ocrx_word' id='word_1_37' title='bbox 394 1969 446 2013; x_wconf 90' lang='lat' dir='ltr'>me</span> <span class='ocrx_word' id='word_1_38' title='bbox 468 1947 617 2014; x_wconf 85' lang='lat' dir='ltr'>molestia</span> <span class='ocrx_word' id='word_1_39' title='bbox 640 1948 794 2033; x_wconf 87' lang='lat' dir='ltr'>affecerit,</span> <span class='ocrx_word' id='word_1_40' title='bbox 823 1969 883 2013; x_wconf 91' lang='lat' dir='ltr'>neo</span> <span class='ocrx_word' id='word_1_41' title='bbox 905 1948 1087 2013; x_wconf 81' lang='lat' dir='ltr'>mehercule</span> <span class='ocrx_word' id='word_1_42' title='bbox 1109 1969 1149 2012; x_wconf 82' lang='lat' dir='ltr'>ex</span> <span class='ocrx_word' id='word_1_43' title='bbox 1170 1969 1202 2012; x_wconf 89' lang='lat' dir='ltr'>ea</span> 
     </span>
     <span class='ocr_line' id='line_1_10' title="bbox 241 2036 1202 2122; baseline 0 -22"><span class='ocrx_word' id='word_1_44' title='bbox 241 2040 341 2119; x_wconf 86' lang='lat' dir='ltr'>parte</span> <span class='ocrx_word' id='word_1_45' title='bbox 373 2037 523 2121; x_wconf 82' lang='lat' dir='ltr'>maxime,</span> <span class='ocrx_word' id='word_1_46' title='bbox 555 2036 640 2121; x_wconf 87' lang='lat' dir='ltr'>quod</span> <span class='ocrx_word' id='word_1_47' title='bbox 671 2037 816 2122; x_wconf 87' lang='lat' dir='ltr'>plerique</span> <span class='ocrx_word' id='word_1_48' title='bbox 846 2057 985 2102; x_wconf 87' lang='lat' dir='ltr'>mecum:</span> <span class='ocrx_word' id='word_1_49' title='bbox 1020 2037 1081 2120; x_wconf 82' lang='lat' dir='ltr'>„ad</span> <span class='ocrx_word' id='word_1_50' title='bbox 1113 2058 1202 2120; x_wconf 89' lang='lat' dir='ltr'>quem</span> 
     </span>
     <span class='ocr_line' id='line_1_11' title="bbox 250 2123 1202 2210; baseline -0.001 -23"><span class='ocrx_word' id='word_1_51' title='bbox 250 2124 350 2210; x_wconf 83' lang='lat' dir='ltr'>igitur</span> <span class='ocrx_word' id='word_1_52' title='bbox 371 2129 404 2190; x_wconf 87' lang='lat' dir='ltr'>te</span> <span class='ocrx_word' id='word_1_53' title='bbox 417 2126 576 2198; x_wconf 84' lang='lat' dir='ltr'>medicum</span> <span class='ocrx_word' id='word_1_54' title='bbox 590 2125 776 2191; x_wconf 77' lang='lat' dir='ltr'>conferes?“</span> <span class='ocrx_word' id='word_1_55' title='bbox 799 2125 875 2210; x_wconf 89' lang='lat' dir='ltr'>quid</span> <span class='ocrx_word' id='word_1_56' title='bbox 889 2125 969 2190; x_wconf 91' lang='lat' dir='ltr'>mihi</span> <span class='ocrx_word' id='word_1_57' title='bbox 981 2124 1047 2189; x_wconf 90' lang='lat' dir='ltr'>iam</span> <span class='ocrx_word' id='word_1_58' title='bbox 1061 2123 1202 2190; x_wconf 83' lang='lat' dir='ltr'>medico?</span> 
     </span>
     <span class='ocr_line' id='line_1_12' title="bbox 250 2213 1204 2299; baseline -0.003 -20"><span class='ocrx_word' id='word_1_59' title='bbox 250 2219 320 2299; x_wconf 88' lang='lat' dir='ltr'>aut,</span> <span class='ocrx_word' id='word_1_60' title='bbox 351 2215 379 2279; x_wconf 90' lang='lat' dir='ltr'>si</span> <span class='ocrx_word' id='word_1_61' title='bbox 402 2237 483 2299; x_wconf 89' lang='lat' dir='ltr'>opus</span> <span class='ocrx_word' id='word_1_62' title='bbox 507 2217 569 2297; x_wconf 87' lang='lat' dir='ltr'>est,</span> <span class='ocrx_word' id='word_1_63' title='bbox 600 2217 693 2278; x_wconf 89' lang='lat' dir='ltr'>tanta</span> <span class='ocrx_word' id='word_1_64' title='bbox 718 2214 831 2298; x_wconf 89' lang='lat' dir='ltr'>inopia</span> <span class='ocrx_word' id='word_1_65' title='bbox 857 2213 928 2278; x_wconf 86' lang='lat' dir='ltr'>est?</span> <span class='ocrx_word' id='word_1_66' title='bbox 965 2233 1109 2278; x_wconf 88' lang='lat' dir='ltr'>amorem</span> <span class='ocrx_word' id='word_1_67' title='bbox 1131 2233 1204 2298; x_wconf 79' lang='lat' dir='ltr'>erga</span> 
     </span>
     <span class='ocr_line' id='line_1_13' title="bbox 250 2299 1204 2388; baseline -0.003 -19"><span class='ocrx_word' id='word_1_68' title='bbox 250 2325 317 2388; x_wconf 89' lang='lat' dir='ltr'>me,</span> <span class='ocrx_word' id='word_1_69' title='bbox 351 2303 587 2368; x_wconf 75' lang='lat' dir='ltr'>humanitatem</span> <span class='ocrx_word' id='word_1_70' title='bbox 623 2299 878 2387; x_wconf 70' lang='lat' dir='ltr'>suavitatemque</span> <span class='ocrx_word' id='word_1_71' title='bbox 914 2301 1073 2383; x_wconf 79' lang='lat' dir='ltr'>desider03</span> <span class='ocrx_word' id='word_1_72' title='bbox 1110 2302 1204 2366; x_wconf 86' lang='lat' dir='ltr'>ctiam</span> 
     </span>
     <span class='ocr_line' id='line_1_14' title="bbox 249 2389 1204 2476; baseline -0.002 -20"><span class='ocrx_word' id='word_1_73' title='bbox 249 2392 342 2457; x_wconf 89' lang='lat' dir='ltr'>illud:</span> <span class='ocrx_word' id='word_1_74' title='bbox 366 2392 514 2476; x_wconf 85' lang='lat' dir='ltr'>quidest,</span> <span class='ocrx_word' id='word_1_75' title='bbox 537 2390 623 2475; x_wconf 89' lang='lat' dir='ltr'>quod</span> <span class='ocrx_word' id='word_1_76' title='bbox 641 2412 708 2456; x_wconf 93' lang='lat' dir='ltr'>non</span> <span class='ocrx_word' id='word_1_77' title='bbox 731 2390 1021 2474; x_wconf 86' lang='lat' dir='ltr'>pertimescendum</span> <span class='ocrx_word' id='word_1_78' title='bbox 1033 2389 1086 2473; x_wconf 86' lang='lat' dir='ltr'>sit,</span> <span class='ocrx_word' id='word_1_79' title='bbox 1108 2412 1204 2474; x_wconf 88' lang='lat' dir='ltr'>quum</span> 
     </span>
     <span class='ocr_line' id='line_1_15' title="bbox 249 2477 1204 2564; baseline -0.004 -19"><span class='ocrx_word' id='word_1_80' title='bbox 249 2481 414 2546; x_wconf 86' lang='lat' dir='ltr'>hominem</span> <span class='ocrx_word' id='word_1_81' title='bbox 440 2482 688 2564; x_wconf 75' lang='lat' dir='ltr'>temperantem,</span> <span class='ocrx_word' id='word_1_82' title='bbox 720 2501 881 2544; x_wconf 88' lang='lat' dir='ltr'>summum</span> <span class='ocrx_word' id='word_1_83' title='bbox 910 2477 1069 2543; x_wconf 88' lang='lat' dir='ltr'>medicum</span> <span class='ocrx_word' id='word_1_84' title='bbox 1095 2481 1204 2542; x_wconf 85' lang='lat' dir='ltr'>tantus</span> 
     </span>
     <span class='ocr_line' id='line_1_16' title="bbox 249 2565 1206 2654; baseline -0.003 -21"><span class='ocrx_word' id='word_1_85' title='bbox 249 2569 424 2654; x_wconf 85' lang='lat' dir='ltr'>improviso</span> <span class='ocrx_word' id='word_1_86' title='bbox 447 2568 579 2633; x_wconf 84' lang='lat' dir='ltr'>morbus</span> <span class='ocrx_word' id='word_1_87' title='bbox 603 2567 820 2653; x_wconf 81' lang='lat' dir='ltr'>oppresserit?</span> <span class='ocrx_word' id='word_1_88' title='bbox 853 2566 909 2632; x_wconf 87' lang='lat' dir='ltr'>sed</span> <span class='ocrx_word' id='word_1_89' title='bbox 932 2565 1075 2631; x_wconf 90' lang='lat' dir='ltr'>adhaec</span> <span class='ocrx_word' id='word_1_90' title='bbox 1098 2567 1206 2631; x_wconf 86' lang='lat' dir='ltr'>omnia</span> 
     </span>
     <span class='ocr_line' id='line_1_17' title="bbox 250 2654 1206 2740; baseline -0.004 -18"><span class='ocrx_word' id='word_1_91' title='bbox 250 2679 315 2722; x_wconf 89' lang='lat' dir='ltr'>una</span> <span class='ocrx_word' id='word_1_92' title='bbox 338 2657 516 2721; x_wconf 89' lang='lat' dir='ltr'>consolatio</span> <span class='ocrx_word' id='word_1_93' title='bbox 539 2660 597 2738; x_wconf 89' lang='lat' dir='ltr'>est,</span> <span class='ocrx_word' id='word_1_94' title='bbox 620 2655 706 2740; x_wconf 91' lang='lat' dir='ltr'>quod</span> <span class='ocrx_word' id='word_1_95' title='bbox 729 2677 767 2720; x_wconf 90' lang='lat' dir='ltr'>ea</span> <span class='ocrx_word' id='word_1_96' title='bbox 785 2654 973 2720; x_wconf 89' lang='lat' dir='ltr'>condicione</span> <span class='ocrx_word' id='word_1_97' title='bbox 995 2654 1065 2718; x_wconf 88' lang='lat' dir='ltr'>nati</span> <span class='ocrx_word' id='word_1_98' title='bbox 1088 2676 1206 2738; x_wconf 85' lang='lat' dir='ltr'>sumus,</span> 
     </span>
     <span class='ocr_line' id='line_1_18' title="bbox 249 2742 1206 2829; baseline -0.004 -19"><span class='ocrx_word' id='word_1_99' title='bbox 249 2750 287 2810; x_wconf 92' lang='lat' dir='ltr'>ut</span> <span class='ocrx_word' id='word_1_100' title='bbox 308 2744 406 2829; x_wconf 88' lang='lat' dir='ltr'>nihil,</span> <span class='ocrx_word' id='word_1_101' title='bbox 430 2745 514 2828; x_wconf 85' lang='lat' dir='ltr'>quod</span> <span class='ocrx_word' id='word_1_102' title='bbox 537 2744 662 2810; x_wconf 90' lang='lat' dir='ltr'>homini</span> <span class='ocrx_word' id='word_1_103' title='bbox 685 2744 827 2808; x_wconf 87' lang='lat' dir='ltr'>accidere</span> <span class='ocrx_word' id='word_1_104' title='bbox 850 2744 962 2828; x_wconf 87' lang='lat' dir='ltr'>possit,</span> <span class='ocrx_word' id='word_1_105' title='bbox 983 2763 1133 2808; x_wconf 87' lang='lat' dir='ltr'>recusare</span> <span class='ocrx_word' id='word_1_106' title='bbox 1156 2742 1206 2807; x_wconf 80' lang='lat' dir='ltr'>de</span> 
     </span>
    </p>

    <p class='ocr_par' dir='ltr' id='par_1_6' title="bbox 223 2831 1210 3002">
     <span class='ocr_line' id='line_1_19' title="bbox 223 2831 1205 2915; baseline 0 -21"><span class='ocrx_word' id='word_1_107' title='bbox 223 2835 391 2900; x_wconf 75' lang='lat' dir='ltr'>abeamus,</span> <span class='ocrx_word' id='word_1_108' title='bbox 436 2833 485 2898; x_wconf 94' lang='lat' dir='ltr'>De</span> <span class='ocrx_word' id='word_1_109' title='bbox 512 2831 657 2898; x_wconf 79' lang='lat' dir='ltr'>Antonio</span> <span class='ocrx_word' id='word_1_110' title='bbox 685 2833 751 2896; x_wconf 91' lang='lat' dir='ltr'>iam</span> <span class='ocrx_word' id='word_1_111' title='bbox 780 2835 876 2896; x_wconf 88' lang='lat' dir='ltr'>antea</span> <span class='ocrx_word' id='word_1_112' title='bbox 906 2831 968 2896; x_wconf 84' lang='lat' dir='ltr'>tibi</span> <span class='ocrx_word' id='word_1_113' title='bbox 995 2831 1109 2915; x_wconf 79' lang='lat' dir='ltr'>scripsi</span> <span class='ocrx_word' id='word_1_114' title='bbox 1140 2852 1205 2896; x_wconf 92' lang='lat' dir='ltr'>non</span> 
     </span>
     <span class='ocr_line' id='line_1_20' title="bbox 252 2917 1210 3002; baseline -0.005 -13"><span class='ocrx_word' id='word_1_115' title='bbox 252 2945 320 2989; x_wconf 88' lang='lat' dir='ltr'>esse</span> <span class='ocrx_word' id='word_1_116' title='bbox 344 2944 417 2987; x_wconf 87' lang='lat' dir='ltr'>eum</span> <span class='ocrx_word' id='word_1_117' title='bbox 440 2943 460 2986; x_wconf 90' lang='lat' dir='ltr'>a</span> <span class='ocrx_word' id='word_1_118' title='bbox 482 2942 533 2984; x_wconf 92' lang='lat' dir='ltr'>me</span> <span class='ocrx_word' id='word_1_119' title='bbox 563 2923 771 2986; x_wconf 88' lang='lat' dir='ltr'>conventum:</span> <span class='ocrx_word' id='word_1_120' title='bbox 808 2920 898 2985; x_wconf 89' lang='lat' dir='ltr'>venit</span> <span class='ocrx_word' id='word_1_121' title='bbox 925 2920 1011 2984; x_wconf 88' lang='lat' dir='ltr'>enim</span> <span class='ocrx_word' id='word_1_122' title='bbox 1037 2917 1210 3002; x_wconf 87' lang='lat' dir='ltr'>Misenum,</span> 
     </span>
    </p>
   </div>
   <div class='ocr_carea' id='block_1_6' title="bbox 200 3007 1210 3358">
    <p class='ocr_par' dir='ltr' id='par_1_7' title="bbox 200 3007 1210 3358">
     <span class='ocr_line' id='line_1_21' title="bbox 251 3007 1209 3096; baseline -0.004 -20"><span class='ocrx_word' id='word_1_123' title='bbox 251 3034 350 3096; x_wconf 91' lang='lat' dir='ltr'>quum</span> <span class='ocrx_word' id='word_1_124' title='bbox 373 3031 433 3095; x_wconf 81' lang='lat' dir='ltr'>ego</span> <span class='ocrx_word' id='word_1_125' title='bbox 449 3031 551 3075; x_wconf 85' lang='lat' dir='ltr'>essem</span> <span class='ocrx_word' id='word_1_126' title='bbox 565 3009 601 3073; x_wconf 91' lang='lat' dir='ltr'>in</span> <span class='ocrx_word' id='word_1_127' title='bbox 612 3008 825 3093; x_wconf 72' lang='lat' dir='ltr'>Pompeiano,</span> <span class='ocrx_word' id='word_1_128' title='bbox 847 3008 922 3073; x_wconf 89' lang='lat' dir='ltr'>inde</span> <span class='ocrx_word' id='word_1_129' title='bbox 945 3012 1021 3072; x_wconf 87' lang='lat' dir='ltr'>ante</span> <span class='ocrx_word' id='word_1_130' title='bbox 1042 3007 1209 3092; x_wconf 86' lang='lat' dir='ltr'>profectus</span> 
     </span>
     <span class='ocr_line' id='line_1_22' title="bbox 251 3093 1209 3184; baseline -0.004 -20"><span class='ocrx_word' id='word_1_131' title='bbox 251 3103 314 3183; x_wconf 86' lang='lat' dir='ltr'>est,</span> <span class='ocrx_word' id='word_1_132' title='bbox 346 3121 443 3183; x_wconf 88' lang='lat' dir='ltr'>quam</span> <span class='ocrx_word' id='word_1_133' title='bbox 475 3119 536 3184; x_wconf 82' lang='lat' dir='ltr'>ego</span> <span class='ocrx_word' id='word_1_134' title='bbox 569 3118 642 3161; x_wconf 87' lang='lat' dir='ltr'>eum</span> <span class='ocrx_word' id='word_1_135' title='bbox 673 3097 799 3162; x_wconf 87' lang='lat' dir='ltr'>venisse</span> <span class='ocrx_word' id='word_1_136' title='bbox 831 3097 978 3182; x_wconf 80' lang='lat' dir='ltr'>cognovi.</span> <span class='ocrx_word' id='word_1_137' title='bbox 1028 3093 1091 3161; x_wconf 84' lang='lat' dir='ltr'>Sed</span> <span class='ocrx_word' id='word_1_138' title='bbox 1123 3116 1209 3180; x_wconf 87' lang='lat' dir='ltr'>casu,</span> 
     </span>
     <span class='ocr_line' id='line_1_23' title="bbox 251 3183 1209 3272; baseline -0.005 -19"><span class='ocrx_word' id='word_1_139' title='bbox 251 3209 350 3271; x_wconf 90' lang='lat' dir='ltr'>quum</span> <span class='ocrx_word' id='word_1_140' title='bbox 373 3187 513 3272; x_wconf 83' lang='lat' dir='ltr'>legerem</span> <span class='ocrx_word' id='word_1_141' title='bbox 534 3190 608 3250; x_wconf 90' lang='lat' dir='ltr'>tuas</span> <span class='ocrx_word' id='word_1_142' title='bbox 630 3185 769 3269; x_wconf 79' lang='lat' dir='ltr'>litteras,</span> <span class='ocrx_word' id='word_1_143' title='bbox 800 3183 926 3249; x_wconf 88' lang='lat' dir='ltr'>Hirtius</span> <span class='ocrx_word' id='word_1_144' title='bbox 956 3187 1026 3250; x_wconf 90' lang='lat' dir='ltr'>erat</span> <span class='ocrx_word' id='word_1_145' title='bbox 1048 3183 1135 3268; x_wconf 90' lang='lat' dir='ltr'>apud</span> <span class='ocrx_word' id='word_1_146' title='bbox 1157 3205 1209 3249; x_wconf 88' lang='lat' dir='ltr'>mc</span> 
     </span>
     <span class='ocr_line' id='line_1_24' title="bbox 200 3272 1210 3358; baseline -0.005 -17"><span class='ocrx_word' id='word_1_147' title='bbox 200 3309 202 3318; x_wconf 90' lang='grc'><strong><em>·</em></strong></span> <span class='ocrx_word' id='word_1_148' title='bbox 251 3275 492 3340; x_wconf 86' lang='lat' dir='ltr'>inPuteolano:</span> <span class='ocrx_word' id='word_1_149' title='bbox 515 3274 545 3338; x_wconf 91' lang='lat' dir='ltr'>ei</span> <span class='ocrx_word' id='word_1_150' title='bbox 567 3274 633 3358; x_wconf 85' lang='lat' dir='ltr'>legi</span> <span class='ocrx_word' id='word_1_151' title='bbox 656 3277 689 3338; x_wconf 90' lang='lat' dir='ltr'>et</span> <span class='ocrx_word' id='word_1_152' title='bbox 711 3274 772 3358; x_wconf 77' lang='lat' dir='ltr'>egi.</span> <span class='ocrx_word' id='word_1_153' title='bbox 808 3272 960 3356; x_wconf 89' lang='lat' dir='ltr'>Primum,</span> <span class='ocrx_word' id='word_1_154' title='bbox 983 3272 1069 3356; x_wconf 89' lang='lat' dir='ltr'>quod</span> <span class='ocrx_word' id='word_1_155' title='bbox 1082 3273 1210 3358; x_wconf 87' lang='lat' dir='ltr'>attinet,</span> 
     </span>
    </p>
   </div>
   <div class='ocr_carea' id='block_1_7' title="bbox 251 3446 1210 3658">
    <p class='ocr_par' dir='ltr' id='par_1_8' title="bbox 251 3446 1210 3658">
     <span class='ocr_line' id='line_1_25' title="bbox 321 3446 1210 3517; baseline 0.002 -19"><span class='ocrx_word' id='word_1_156' title='bbox 321 3446 374 3516; x_wconf 81' lang='lat' dir='ltr'>Ep.</span> <span class='ocrx_word' id='word_1_157' title='bbox 395 3454 418 3502; x_wconf 88' lang='lat'>1.</span> <span class='ocrx_word' id='word_1_158' title='bbox 428 3462 463 3514; x_wconf 73' lang='lat' dir='ltr'>a,</span> <span class='ocrx_word' id='word_1_159' title='bbox 483 3452 507 3500; x_wconf 92' lang='lat'>1.</span> <span class='ocrx_word' id='word_1_160' title='bbox 534 3448 591 3502; x_wconf 76' lang='lat' dir='ltr'>iam</span> <span class='ocrx_word' id='word_1_161' title='bbox 609 3463 670 3502; x_wconf 82' lang='lat' dir='ltr'>cum</span> <span class='ocrx_word' id='word_1_162' title='bbox 687 3447 788 3502; x_wconf 79' lang='lat' dir='ltr'>medico</span> <span class='ocrx_word' id='word_1_163' title='bbox 807 3446 892 3517; x_wconf 59' lang='lat' dir='ltr'>(wll</span> <span class='ocrx_word' id='word_1_164' title='bbox 935 3452 960 3500; x_wconf 77' lang='lat'>2.</span> <span class='ocrx_word' id='word_1_165' title='bbox 988 3447 1041 3516; x_wconf 71' lang='lat' dir='ltr'>laps·</span> <span class='ocrx_word' id='word_1_166' title='bbox 1058 3451 1083 3501; x_wconf 83' lang='lat' dir='ltr'>et</span> <span class='ocrx_word' id='word_1_167' title='bbox 1100 3461 1162 3501; x_wconf 77' lang='lat' dir='ltr'>cam</span> <span class='ocrx_word' id='word_1_168' title='bbox 1181 3461 1210 3500; x_wconf 82' lang='lat' dir='ltr'>eo</span> 
     </span>
     <span class='ocr_line' id='line_1_26' title="bbox 251 3515 1210 3598; baseline 0.005 -30"><span class='ocrx_word' id='word_1_169' title='bbox 251 3516 392 3598; x_wconf 47' lang='lat' dir='ltr'>wilm?</span> <span class='ocrx_word' id='word_1_170' title='bbox 407 3545 440 3556; x_wconf 92' lang='lat'>—</span> <span class='ocrx_word' id='word_1_171' title='bbox 456 3515 517 3596; x_wconf 65' lang='lat' dir='ltr'>Pr,</span> <span class='ocrx_word' id='word_1_172' title='bbox 530 3517 602 3597; x_wconf 69' lang='lat' dir='ltr'>qood</span> <span class='ocrx_word' id='word_1_173' title='bbox 616 3517 713 3572; x_wconf 76' lang='lat' dir='ltr'>attinet</span> <span class='ocrx_word' id='word_1_174' title='bbox 727 3517 775 3585; x_wconf 85' lang='lat' dir='ltr'>(W</span> <span class='ocrx_word' id='word_1_175' title='bbox 777 3518 802 3585; x_wconf 88' lang='lat'>.).</span> <span class='ocrx_word' id='word_1_176' title='bbox 822 3517 871 3571; x_wconf 80' lang='lat' dir='ltr'>Pr.</span> <span class='ocrx_word' id='word_1_177' title='bbox 882 3534 906 3586; x_wconf 80' lang='lat' dir='ltr'>q.</span> <span class='ocrx_word' id='word_1_178' title='bbox 922 3534 947 3571; x_wconf 83' lang='lat' dir='ltr'>a.</span> <span class='ocrx_word' id='word_1_179' title='bbox 961 3517 1057 3588; x_wconf 83' lang='lat' dir='ltr'>vulgo.</span> <span class='ocrx_word' id='word_1_180' title='bbox 1077 3517 1127 3572; x_wconf 84' lang='lat' dir='ltr'>Pr.</span> <span class='ocrx_word' id='word_1_181' title='bbox 1138 3533 1163 3588; x_wconf 71' lang='lat' dir='ltr'>q.</span> <span class='ocrx_word' id='word_1_182' title='bbox 1174 3518 1210 3555; x_wconf 76' lang='lat'>*⁴¹</span> 
     </span>
     <span class='ocr_line' id='line_1_27' title="bbox 252 3586 954 3658; baseline 0.006 -20"><span class='ocrx_word' id='word_1_183' title='bbox 252 3588 359 3652; x_wconf 63' lang='lat' dir='ltr'>aaran,</span> <span class='ocrx_word' id='word_1_184' title='bbox 376 3587 409 3640; x_wconf 85' lang='lat' dir='ltr'>ut</span> <span class='ocrx_word' id='word_1_185' title='bbox 427 3586 562 3640; x_wconf 79' lang='lat' dir='ltr'>exciderit</span> <span class='ocrx_word' id='word_1_186' title='bbox 579 3587 616 3642; x_wconf 82' lang='lat' dir='ltr'>ad</span> <span class='ocrx_word' id='word_1_187' title='bbox 634 3591 659 3642; x_wconf 80' lang='lat' dir='ltr'>tc</span> <span class='ocrx_word' id='word_1_188' title='bbox 676 3586 777 3642; x_wconf 80' lang='lat' dir='ltr'>velud</span> <span class='ocrx_word' id='word_1_189' title='bbox 794 3603 851 3642; x_wconf 87' lang='lat' dir='ltr'>rem</span> <span class='ocrx_word' id='word_1_190' title='bbox 869 3587 954 3658; x_wconf 55' lang='grc' dir='ltr'>(Μ</span> 
     </span>
    </p>
   </div>
   <div class='ocr_carea' id='block_1_8' title="bbox 0 0 1307 3972">
    <p class='ocr_par' dir='ltr' id='par_1_9' title="bbox 0 0 1307 3972">
     <span class='ocr_line' id='line_1_28' title="bbox 0 0 1307 3972; baseline 0 0"><span class='ocrx_word' id='word_1_191' title='bbox 0 0 1307 3972; x_wconf 95' lang='lat' dir='ltr'> </span> 
     </span>
    </p>
   </div>
  </div>
 </body>
</html>
