2522 3960
188 184 446 240 EPISTOLARUM
464 185 515 240 AD
534 183 698 241 ATTIOUM
716 185 776 242 VII.
797 193 820 240 1.
840 193 865 242 2.
937 185 1003 250 223

57 339 147 410 'silli
165 341 202 410 cd
223 321 285 431 μὲν
306 343 530 432 προτετύχθαι
559 342 700 432 ἐάσομεν
725 341 910 434 ἀχνύμενοί
928 365 1003 433 περ·

59 470 171 553 reliqua
192 470 407 554 expediamus.
450 469 523 536 Hoc
545 471 697 556 primum,
724 472 758 536 in
782 495 845 556 quo
869 473 1004 538 accessit

58 579 132 622 cura
151 557 249 624 dolori
270 580 353 644 meo,
377 558 431 624 sed
453 558 517 625 hoc
530 562 649 644 tamen,
672 559 825 645 quidquid
848 563 905 646 est,
927 558 1003 626 Prs-

59 646 176 712 cianum
198 667 271 712 oum
293 647 333 711 iis
356 647 549 733 rationibus,
581 669 661 733 quas
688 649 742 712 ille
765 671 853 713 meas
875 652 1003 734 tractat,

58 735 213 800 admisceri
234 737 321 802 nolo.
355 733 475 821 Scripsi
498 735 539 802 ad
557 735 751 821 Terentiam,
775 737 888 822 scripsi
905 738 1004 824 etiam

58 823 94 886 sd
116 825 228 909 ipsum,
255 846 306 888 me
330 823 484 910 quidquid
506 845 635 910 possem
656 847 862 891 nummorum
885 826 925 891 ad
948 848 1003 911 ep·

56 916 193 994 paratum
226 914 346 998 sperati
376 913 534 998 triumphi
565 913 606 979 ad
638 918 670 978 te
701 915 920 980 reducturum:
956 914 1004 978 ita

56 1004 129 1083 puto
149 995 299 1086 ἄμεμπτα
320 1001 404 1086 fore3
434 1023 559 1088 verum,
585 1005 624 1068 ut
644 1002 766 1067 libebit.
808 1001 903 1066 Hanc
925 1024 1003 1086 quo·

57 1111 113 1172 que
134 1090 256 1174 suscipe
279 1111 402 1176 curam,
433 1089 703 1175 quemadmodum
725 1092 936 1175 experiamur:
969 1090 1003 1155 id

56 1180 88 1240 tu
119 1179 149 1243 et
177 1178 348 1244 ostendisti
380 1179 571 1263 quibusdam
609 1180 726 1244 litteris
758 1200 797 1244 ex
827 1177 928 1265 Epiro
960 1197 1005 1246 un

56 1264 182 1332 Athenis
206 1267 291 1333 datis
314 1267 403 1332 etin
427 1289 464 1334 eo
489 1289 549 1354 ego
572 1270 605 1333 te
628 1268 796 1334 adiuvabo.

506 1493 548 1562 II.

57 1615 108 1672 Sor.
127 1617 265 1674 Brundisii
288 1617 362 1673 inter
383 1617 443 1673 VII.
463 1617 525 1673 Kal.
544 1618 712 1744 Dpppmbres
734 1619 764 1674 et
785 1617 858 1674 VIII.
877 1619 917 1674 Id.
936 1616 1002 1676 Dec.

430 1705 455 1742 a.
474 1707 501 1744 u.
520 1706 543 1744 o.
617 1733 623 1744 .

336 1792 466 1850 cronno
485 1792 619 1850 surico
639 1795 714 1850 stu.
741 1859 743 1864 ,

116 1901 322 1968 Brundisium
348 1903 494 1968 venimus
522 1921 578 1970 vn.
601 1903 736 1969 Kalend.
759 1903 917 1970 Decembr
952 1903 1030 1970 usi1

58 1992 108 2054 tua
127 1991 279 2056 felicitate
303 1991 491 2078 navigandi:
515 1993 562 2058 ita
583 1992 665 2057 belle
688 1992 783 2058 nobis

157 2115 249 2180 flacit
272 2115 313 2179 ab
336 2114 437 2200 Epiro
460 2116 643 2181 lenissimus
662 2114 896 2208 Onchesmites.
957 2123 962 2132 '

59 2235 143 2303 Hunc
170 2234 446 2320 σπονδειάζοντα,
478 2240 505 2304 si
533 2239 585 2304 cui
611 2237 700 2304 voles
726 2238 795 2304 cciv
821 2235 1004 2321 νεωτέρων,

59 2347 108 2406 pro
128 2330 185 2393 tuo
208 2327 350 2394 vendito.
376 2326 538 2392 Valetudo
561 2331 618 2392 tua
640 2349 692 2392 me
711 2327 804 2392 raldo
819 2327 1031 2411 conturbat32

60 2413 232 2498 significant
255 2416 342 2480 enim
368 2419 443 2482 tuae
470 2416 597 2480 litteras
628 2419 661 2480 ts
690 2437 821 2502 prorsus
848 2414 1004 2482 laborare.

58 2499 120 2588 Ego
143 2509 261 2590 autern,
284 2527 384 2588 quum
406 2505 514 2590 sciam,
537 2516 634 2588 quam
648 2504 692 2570 sis
709 2504 813 2590 fortis,
835 2504 1004 2570 uehemen-

59 2590 113 2656 tius
135 2614 204 2660 esse
227 2591 380 2678 quiddam
410 2594 567 2678 suspicor,
599 2594 684 2678 quod
710 2597 743 2658 te
771 2597 867 2680 cogat
893 2593 1004 2659 cedere

60 2682 86 2742 et
106 2681 340 2766 propemodum
361 2679 533 2768 infringat:
569 2682 631 2747 etsi
656 2682 791 2747 alteram
813 2685 1006 2767 quartanam

59 2762 235 2855 Pamphilus
270 2774 347 2836 tuus
378 2770 459 2835 mihi
490 2769 571 2834 dixit
602 2769 774 2835 decessisse
806 2774 839 2834 et
870 2771 1006 2835 alteram

60 2852 199 2925 leviorem
222 2859 384 2944 acceder03
411 2857 563 2924 Terentia
585 2879 674 2943 vcro,
697 2880 778 2943 quae
801 2859 930 2943 quidem
953 2879 1004 2922 eo·

60 2941 120 3012 dem
146 2951 293 3032 tempore
321 2946 361 3012 ad
388 2950 517 3031 portam
543 2945 773 3020 Brundisinam
804 2947 907 3031 venit,
939 2967 1003 3029 quo

60 3052 109 3118 ego
129 3036 166 3102 in
188 3039 328 3120 portum,
350 3034 492 3120 mihique
516 3036 611 3101 obvia
624 3036 660 3100 in
681 3035 753 3101 foro
775 3033 906 3118 fuit-L.
919 3033 1004 3099 Pon·

59 3121 127 3189 lium
151 3124 213 3190 sibi
235 3123 272 3190 in
290 3123 473 3189 Trebulano
497 3123 613 3190 dixisse
636 3124 791 3190 narrabat
812 3123 910 3187 etiam
933 3143 1005 3186 eam

117 3317 169 3390 Ep.
190 3324 214 3386 1,
233 3325 259 3374 9.
295 3317 431 3387 pomum,
453 3317 555 3401 inquo
579 3316 628 3400 (ll.
656 3333 705 3396 p„
727 3317 800 3386 quod
816 3315 911 3398 uni,
935 3314 1004 3371 Οτι.

59 3397 154 3457 lsqw
171 3387 254 3456 Pau,
271 3387 303 3443 B.
337 3421 369 3431 -
402 3389 590 3472 expediamus:
607 3389 639 3443 sd
657 3387 741 3456 (W.)?
774 3417 822 3469 -ι
839 3388 870 3441 sd
888 3391 919 3440 lu
937 3389 962 3440 et
979 3400 1003 3440 o.

61 3451 184 3598 &3323
203 3465 253 3585 9142,
261 3457 418 3604 hosed).
450 3460 482 3516 sd
500 3465 525 3516 et
538 3475 561 3514 o.
579 3457 639 3526 Mc,
658 3457 689 3512 B.
708 3485 742 3498 -
760 3456 852 3526 Epora
871 3461 921 3512 aut
938 3455 1003 3512 Au.
