2574 3966
162 3433 169 3448 ·
260 3426 387 3480 matiam
404 3441 465 3479 osam
482 3425 519 3479 M.
559 3427 579 3481 ι’.
525 3360 767 3493 mastacium,
785 3441 846 3480 eam

259 228 327 292 404
545 227 583 282 M.
603 225 725 281 TULLII
743 225 933 282 CICERONIS

259 371 361 458 ipsius
383 371 516 456 virtute,
542 370 757 455 humanitate,
783 371 904 456 pietate
931 393 1000 436 non
1027 372 1119 437 modo
1142 394 1206 436 eam

257 462 459 545 voluptatem
481 481 550 525 non
572 460 650 543 cepi,
674 481 769 542 quam
788 481 902 544 capere
920 481 960 524 ex
979 461 1131 546 singulari
1146 461 1205 524 filia

259 549 364 631 debui,
387 549 554 614 sedetiam
567 547 748 612 incredibili
762 569 834 612 sum
854 547 964 614 dolore
988 549 1127 632 affectus,
1148 550 1205 612 tale

258 637 426 722 ingenium
452 637 488 700 in
514 640 583 701 tam
605 636 722 702 misera
750 636 884 702 fortuna
904 638 1026 702 versari
1047 637 1141 722 idque
1162 658 1204 701 ac·

259 725 363 791 cidere
386 726 476 790 nullo
491 725 601 810 ipsius
624 723 751 808 delicto,
780 747 906 789 summa
926 727 1024 810 culpa
1045 745 1129 791 mea:
1153 725 1204 789 ita·

259 835 320 898 que
343 836 363 878 a
385 817 418 878 te
440 835 545 898 neque
568 813 824 880 consolationem
849 814 928 897 iam,
954 835 1019 898 qua
1046 817 1204 898 cuperete

258 903 307 967 uti
329 902 437 987 video,
458 923 518 966 nec
541 902 720 985 consilium,
749 900 836 985 quod
859 901 930 986 capi
952 903 1079 968 nullum
1100 905 1204 987 potest,

258 993 407 1075 exspecto
448 994 544 1075 teque
585 990 695 1055 omnia
733 1011 832 1074 quum
868 990 1087 1074 superioribus
1122 1011 1203 1076 saepe

257 1079 390 1162 litteris,
411 1081 483 1143 turn
503 1078 657 1163 proximis
680 1081 823 1142 tentasse
845 1077 1002 1164 intelligo.
1047 1077 1121 1164 Ego
1143 1099 1203 1143 cum

258 1166 411 1233 Sallustio
425 1165 612 1232 Ciceronem
635 1167 675 1230 ad
690 1164 860 1233 Caesarem
877 1166 1005 1231 mittere
1019 1167 1202 1254 cogitabam

155 1326 166 1346 ⁸
258 1255 399 1320 Tulliam
420 1258 529 1320 autem
551 1277 619 1320 non
641 1255 789 1319 videbam
817 1275 887 1319 esse
914 1276 1046 1320 causam
1069 1277 1127 1321 eur
1148 1255 1201 1320 diu·

257 1345 322 1409 tius
346 1365 471 1408 mecum
493 1347 586 1408 tanto
613 1344 649 1409 in
675 1343 839 1408 communi
867 1363 1012 1409 maerore
1035 1345 1201 1426 retinerem,

257 1433 366 1518 itaque
389 1431 485 1497 matri
505 1453 585 1517 eam,
608 1453 707 1516 quum
729 1432 869 1516 primum
891 1433 1076 1517 peripsam
1098 1433 1200 1514 liceret,

258 1543 346 1586 eram
374 1521 575 1586 remissurus.
619 1519 682 1584 Pro
706 1541 757 1605 ea,
789 1541 886 1604 quam
914 1520 955 1584 ad
982 1521 1115 1586 modum
1140 1541 1199 1587 con·

258 1609 395 1674 solantis
418 1608 583 1693 scripsisti,
604 1611 719 1693 putato
742 1629 781 1673 ea
802 1630 854 1672 me
877 1609 1052 1694 scripsisse,
1076 1611 1198 1694 quaatu

231 1697 327 1782 aipse
354 1696 404 1761 int
389 1696 516 1782 telliges
542 1696 731 1782 responderi
757 1697 911 1782 potuisse
955 1695 1049 1773 Quod
1076 1697 1198 1782 Oppium

257 1789 365 1850 tecum
388 1785 499 1850 scribis
521 1786 679 1870 locutum,
707 1806 775 1850 ιιοιι
802 1784 955 1850 abhorret
940 1789 997 1850 ta
1018 1806 1092 1851 mea
1113 1785 1198 1870 suspi-

258 1874 350 1940 cione
373 1874 441 1939 eius
464 1873 582 1958 oratio3
611 1874 761 1939 sednon
788 1873 913 1957 dubito,
940 1874 1019 1958 quin
1045 1873 1117 1940 istis
1142 1895 1197 1959 per·

258 1963 385 2028 suaderi
407 1961 620 2028 nullomodo
647 1961 828 2046 possitae,
860 1983 941 2045 quae
968 1963 1105 2048 faciant,
1133 1961 1197 2027 mihi

256 2051 388 2137 probari
409 2072 514 2136 posse,
536 2071 665 2136 quoquo
679 2051 775 2116 modo
788 2051 915 2134 loquar.
938 2071 999 2136 ego
1018 2014 1255 2116 taminutar

257 2140 491 2225 moderatione,
526 2161 590 2224 qua
625 2141 753 2223 potero,
791 2160 998 2223 quamquam,
1034 2141 1112 2224 quid
1139 2159 1195 2203 mea

257 2229 437 2314 intersita
415 2230 453 2293 ι
474 2250 585 2294 eorum
608 2227 717 2292 odium
738 2246 779 2292 ne
800 2227 946 2311 subeam,
967 2249 1036 2293 non
1058 2228 1194 2313 intelligo.

230 2317 303 2381 ⁸Te
326 2317 412 2381 iusta
435 2339 532 2382 eausa
553 2315 710 2401 impediri,
732 2337 796 2399 quo
818 2315 925 2380 minus
948 2315 989 2380 ad
1011 2338 1073 2382 nos
1095 2316 1194 2394 venias,

257 2404 365 2488 video,
393 2403 489 2489 idque
511 2404 592 2469 mihi
613 2403 707 2469 valde
729 2404 901 2469 molestum
923 2406 981 2468 est.
1025 2403 1121 2470 Illum
1142 2399 1192 2491 [ab]
1253 2461 1254 2488 ,

257 2491 461 2557 Alexandrea
483 2492 666 2558 discessisse
679 2512 775 2556 nemo
799 2492 937 2576 nuntiat,
959 2495 1145 2576 constatque
1163 2511 1193 2554 ne
1253 2489 1254 2498 ’

257 2580 438 2666 profectum
452 2580 579 2666 quidem
593 2580 674 2644 illim
688 2601 881 2665 quemquam
900 2583 976 2664 post
988 2579 1066 2646 Idus
1079 2580 1192 2646 Martias

257 2690 317 2734 nec
339 2671 415 2753 post
400 2667 513 2733 tIdus
527 2667 693 2734 Decembr.
717 2668 757 2732 ab
780 2668 837 2733 illo
861 2668 953 2733 datas
975 2669 1059 2734 ullas
1080 2670 1193 2748 litteras,

258 2779 297 2822 ex
320 2779 383 2842 quo
405 2757 560 2858 intelligis
583 2757 662 2821 illud
686 2755 724 2821 de
746 2755 863 2820 litteris
886 2778 915 2820 a.
929 2756 957 2821 d.
977 2774 1008 2821 v.
1022 2757 1100 2823 Idus
1119 2756 1191 2822 Febr

258 2846 403 2911 datis-
427 2844 543 2930 quod
533 2867 631 2910 mane
654 2847 751 2929 esset,
782 2845 908 2910 etiamsi
929 2865 1041 2910 verum
1064 2849 1190 2911 esset-

257 2927 325 3001 non
347 2955 459 3000 verum
482 2954 559 2998 esse.
587 2932 623 2997 L.
638 2895 823 2998 Terentium
846 2933 1028 2998 discessisse
1051 2956 1091 2999 ex
1103 2931 1192 2998 Alaea

258 3024 376 3089 scimus
389 3021 602 3106 Paestumque
616 3021 755 3086 venisse:
778 3020 899 3104 quidne
922 3021 1114 3087 afferatt
1058 3026 1114 3088 aut
1133 3041 1192 3106 quo·

257 3111 355 3178 modo
378 3111 491 3176 exierit
519 3113 576 3174 aut
597 3109 710 3193 quid
701 3131 737 3173 ιιι
758 3107 871 3174 Africa
896 3111 967 3194 liat,
998 3111 1079 3176 scire
1104 3109 1191 3188 velim

258 3198 375 3264 dicitur
397 3198 483 3264 enim
505 3219 563 3284 per
584 3195 755 3263 Nasidium
784 3197 919 3263 emissus
946 3219 1028 3264 esse:
1060 3199 1094 3264 id
1118 3197 1191 3284 quale

329 3353 380 3424 Ep.
402 3360 443 3423 1⁷,
464 3361 487 3410 1.
513 3356 606 3426 itaque
622 3355 780 3410 eamtibs'
768 3372 833 3422 cam,
824 3372 966 3481 ‚pfflm-
954 3356 1058 3428 (ng.
1078 3351 1190 3411 melli.

271 3493 398 3563 W..)?P
417 3496 878 3622 ίαηιιιοηωιιιιιιβιΜ
780 3496 849 3552 Oxx.
867 3495 917 3567 (0.,
933 3431 1083 3568 utilitato
1111 3437 1203 3566 mpii

291 3565 367 3632 )-
386 3564 518 3633 masa
535 3567 601 3634 (W)
627 3567 759 3638 iateltyw
776 3568 870 3639 vulgo.
