2510 3958
195 221 454 278 EPISTULARUM
471 221 521 276 AD
539 220 703 282 cumcurl
719 221 780 277 VH.
801 228 843 277 1⁸1.
863 228 904 278 18.
958 222 1025 287 253

80 367 226 432 delectum
248 368 352 434 ullum
375 389 479 452 neque
500 367 669 454 negotium
691 367 880 452 smoepisso:
903 369 940 434 in
961 389 1025 454 quo

79 454 197 539 quidem
219 456 373 541 manebo,
405 456 482 520 dum
509 477 581 540 spes
608 455 696 538 pacis
726 455 800 539 erit3
831 455 883 521 sin
905 455 1026 522 ballum

78 546 206 651 geretur,
227 565 297 610 non
319 543 415 610 deero
429 543 536 609 officio
550 564 610 608 nec
623 543 776 630 dignitati
796 566 887 610 meae
908 567 1026 628 pueros

78 629 294 715 πειθέμενος
306 632 342 695 in
355 631 532 716 Graeciam,
552 635 657 698 totam
670 631 756 696 enim
769 631 898 698 Italiam
911 633 1027 720 flagra-

77 722 176 784 turam
201 721 288 786 bello
314 720 476 806 intelligo:
512 723 641 786 tantum
672 720 750 784 mali
776 721 950 786 excitatum
977 725 1027 788 est

77 808 186 890 partim
209 829 248 872 ox
271 807 436 892 improbis,
457 807 578 892 partim
600 829 639 872 ex
660 807 778 874 invidis
801 808 933 874 civibus.
964 808 1027 876 Sed

77 894 149 960 haec
178 897 292 980 paucis
324 897 438 962 diebus
469 917 508 962 ex
538 896 627 964 illius
658 897 699 962 ad
730 899 844 964 nostra
872 918 1028 982 responsa

77 984 493 1136 ἓεῖἰιιείεἳὶἰιῒθΙΙίςιοηὴιῑ,
509 1006 826 1138 ,ρηοζῑυὲιὲῃθωεωιξ
848 985 926 1050 sint:
957 989 1029 1140 ttpm

77 1159 167 1224 etiam
188 1093 625 1246 ffiuppp'pssprpfisgplpnut
647 1095 767 1246 spensti,
785 1074 1055 1248 ga‘plebrgaussgrp‘

77 1247 256 1315 1111.Nonas
278 1247 381 1332 Febr,
402 1270 466 1333 quo
490 1249 541 1314 dio
563 1249 624 1314 has
645 1249 771 1315 litteras
792 1250 875 1334 dedi,
896 1251 932 1316 in
950 1249 1028 1316 For·

76 1337 193 1420 miano,
215 1359 280 1422 quo
300 1335 412 1421 Capua
433 1337 600 1422 redieram
622 1337 771 1404 mulieres
795 1339 1029 1423 exspectabam,

77 1425 187 1508 quibus
220 1425 350 1510 quidem
377 1426 568 1510 scripseram
597 1426 663 1492 tuis
690 1427 807 1493 litteris
835 1427 1029 1511 admonitus,

77 1516 112 1576 ut
130 1513 253 1578 Romae
276 1517 456 1598 manerent,
488 1514 544 1578 sed
572 1512 668 1580 audio
691 1514 846 1580 maiorem
868 1515 1030 1599 quendam

76 1601 111 1665 in
138 1602 217 1667 mbo
249 1602 398 1668 timorem
425 1621 503 1676 esse.
549 1599 678 1686 Capuae
705 1601 810 1669 Nonis
837 1601 931 1669 Febr.
959 1625 1029 1670 esse

82 1690 233 1774 volebam,
265 1691 342 1774 quia
372 1690 521 1755 consules
551 1689 721 1756 iusserant
773 1690 935 1776 Quidquid
965 1692 1029 1759 buc

78 1778 135 1842 erit
151 1801 171 1842 a
183 1777 339 1862 Pompeio
361 1778 506 1862 allatum,
527 1779 639 1845 statim
661 1779 703 1844 ad
724 1782 758 1845 to
781 1781 917 1846 scribam
942 1784 1029 1848 tuas·

76 1887 136 1948 quo
157 1867 196 1930 dc
218 1867 290 1932 istis
313 1866 408 1933 rebus
431 1867 557 1932 litteras
580 1867 782 1953 exspectabo.

482 2048 615 2145 'xum

110 2197 166 2254 Sor.
185 2198 217 2253 in
234 2197 384 2254 Formiano
403 2215 428 2254 a.
445 2199 471 2254 d.
481 2199 530 2255 III.
540 2199 637 2256 Nonas
650 2197 817 2256 Februarias
828 2215 852 2254 a.
863 2217 889 2255 a.
900 2216 923 2254 o.
935 2204 994 2254 τοῦ.

347 2304 495 2362 CICERO
512 2305 664 2362 ATTICO
682 2305 766 2362 SAL.

140 2431 200 2478 1111.
209 2411 295 2478 Non.
303 2412 396 2478 Febr.
405 2414 557 2480 mulieres
569 2418 701 2480 nostras
710 2413 857 2479 Formias
871 2416 1030 2480 venerunt
1044 2429 1056 2470 1

76 2506 193 2587 tuaque
216 2522 295 2588 erga
317 2523 351 2566 se
366 2503 474 2568 officia
495 2503 592 2588 plens
611 2503 660 2568 tui
674 2501 855 2568 suavissimi
877 2501 977 2568 studii
990 2502 1031 2568 ad

78 2612 126 2654 me
148 2591 358 2674 pertulerunt.
402 2589 469 2656 Eas
493 2611 568 2676 ego,
600 2591 706 2676 quoad
729 2591 896 2674 sciremus,
921 2594 1031 2656 utrum

78 2679 162 2762 turpi
193 2699 273 2762 paoc
298 2678 393 2743 nobis
421 2701 464 2744 an
490 2680 608 2745 misero
635 2680 720 2745 bello
753 2682 838 2744 esset
866 2680 1031 2764 utendum,

76 2767 110 2832 in
127 2765 303 2831 Formiano
326 2788 395 2832 esse
417 2767 506 2832 volui
528 2771 561 2832 ot
582 2789 648 2834 una
662 2763 845 2851 Ciceronem
867 2768 936 2852 ipso
958 2789 1032 2832 oum

77 2855 174 2919 fratre
199 2851 342 2939 Capuam
369 2855 411 2918 ad
438 2856 651 2920 consules-
674 2853 779 2921 Nonis
806 2855 892 2920 enim
920 2855 1031 2920 adesse

77 2943 155 3008 iussi
177 2963 289 3008 sumus
303 2979 345 2990 —
366 2961 412 3008 111.
426 2942 540 3009 Nonas
562 2944 725 3027 profectus
748 2965 828 3027 sum,
851 2965 950 3027 quum
971 2942 1031 3008 bas

76 3031 200 3096 litteras
232 3030 314 3095 dedi.
358 3031 527 3116 Responsa
555 3031 701 3117 Pompeii
732 3034 826 3116 grata
851 3031 972 3116 populo
999 3033 1033 3094 ot

77 3118 214 3204 probata
236 3119 383 3184 concioni
407 3139 477 3184 osse
498 3119 662 3185 dicuntur:
684 3121 732 3184 ita
753 3122 911 3203 putaram.
943 3117 1032 3194 Quae

145 3346 197 3416 Ep.
219 3351 265 3416 17,
284 3352 309 3400 4.
338 3348 485 3402 σωοίιαῠιωη
502 3351 541 3403 est
559 3347 588 3416 (l.
607 3348 636 3402 et
653 3347 681 3402 b.
700 3361 728 3400 o:
756 3345 804 3415 Z.).
836 3350 874 3402 est
891 3361 913 3400 e.
931 3344 1033 3413 Klots,

77 3418 107 3471 B.
126 3416 187 3472 Om.
206 3421 245 3472 eet
261 3416 369 3487 ulula.
390 3447 422 3458 -
440 3422 537 3473 noma
553 3433 684 3486 responso
702 3415 818 3486 (vulgo).
843 3433 871 3472 sa.
891 3414 939 3487 [a]
958 3416 1033 3483 Em..

79 3487 107 3542 B.
138 3517 173 3528 -
204 3487 395 3554 admocum
412 3489 494 3544 dmm
511 3488 569 3543 ind.
592 3488 670 3557 (W.).
699 3487 746 3542 sto
763 3491 814 3542 cat
826 3503 889 3556 poc
906 3490 995 3542 oute.
1012 3488 1033 3542 i.

75 3557 143 3630 (W.)
161 3557 213 3614 aut
230 3557 277 3614 sio
289 3574 352 3627 poto
370 3564 420 3614 out
436 3576 458 3614 e.
476 3559 495 3614 i.
516 3557 608 3626 (bob).
633 3559 679 3612 sin
696 3561 786 3616 comm
803 3573 825 3614 e.
842 3558 862 3614 ι’.
881 3557 976 3629 volgo.
