2574 3966
203 253 269 325 438
490 256 876 314 n.uuuuuoronaou1s

204 407 262 488 est,
284 403 312 470 si
333 401 461 488 perficis
475 437 517 450 -
533 404 583 467 est
605 401 691 468 enim
712 405 818 467 totum
839 402 984 487 positum
1006 403 1040 467 in
1060 407 1090 467 te
1106 390 1166 486 -'—,

178 492 287 558 anihil
318 494 368 556 est
398 490 532 574 scilicet,
563 491 649 575 quod
680 490 720 556 de
752 488 848 556 Cotta
880 492 1065 576 cogitemus
1109 491 1167 556 De
1278 510 1280 537 ⁴

204 579 367 664 Cicerone,
388 582 426 644 ut
448 576 574 662 scribis,
595 579 644 643 ita
665 578 796 643 faciam:
828 579 892 663 ipsi
914 580 1094 664 permittam
1122 580 1168 643 de
1280 618 1283 645 I

203 673 363 753 tempore3
393 689 599 736 nummorum
631 671 788 751 quantum
820 688 901 752 opus
933 669 995 732 erit
1024 671 1061 732 ut
1088 690 1169 751 per·
1282 704 1283 715 κ

203 759 359 836 mutetur,
391 758 429 821 tu
451 755 583 844 uidebis.
628 753 678 820 Ex
701 755 829 840 Aledio,
861 756 948 841 quod
971 756 1101 840 scribas,
1138 756 1170 820 si

205 845 282 931 quid
312 845 499 928 inveneris,''
518 843 646 909 scribes.
690 843 735 908 Et
766 865 827 929 ego
860 867 899 910 cx
925 845 990 909 tuis
1020 845 1170 911 animad-

204 937 294 1008 uerto
321 934 437 999 litteris
465 935 498 997 et
523 932 668 1017 profecto
700 937 736 996 tu
763 955 803 998 ex
829 933 909 998 meis
935 933 1018 998 nihil
1044 933 1170 998 habere

205 1045 279 1106 nos,
310 1021 397 1107 quod
428 1021 617 1088 scribamus:
654 1021 766 1086 eadem
797 1021 953 1107 quotidie,
985 1043 1067 1106 quae
1097 1021 1171 1086 iam

204 1113 332 1196 iamque
346 1111 416 1196 ipsa
430 1110 570 1175 contrita
588 1113 676 1192 sunt3
698 1113 809 1174 tamen
821 1110 927 1175 facere
941 1131 1009 1175 non
1022 1132 1170 1194 possum,

180 1200 286 1285 oquin
309 1198 450 1284 quotidie
474 1198 515 1263 ad
537 1201 569 1262 te
592 1198 728 1281 mittam,
750 1201 788 1262 ut
809 1201 882 1264 tuas
906 1198 1072 1282 accipiam.
1115 1198 1169 1264 De

203 1288 307 1353 Bruto
330 1291 449 1372 tamen,
472 1287 498 1351 si
521 1285 598 1371 quid
620 1286 768 1369 habebis,
790 1286 870 1352 seire
886 1287 973 1351 enim
986 1287 1053 1352 iam
1076 1294 1170 1372 puto,

205 1377 261 1443 ubi
287 1375 427 1440 Pansam
455 1377 625 1459 exspectet.
671 1373 719 1458 Si,
750 1378 788 1440 ut
810 1376 1008 1440 consuetudo
1037 1379 1102 1459 est,
1131 1376 1170 1440 in

204 1466 309 1550 prima
344 1463 524 1550 provincia,
560 1463 686 1527 circiter
721 1463 793 1528 Kal.
829 1464 987 1529 affuturus
1024 1464 1169 1528 videtur:

205 1554 320 1618 vellem
342 1553 480 1637 tardius,
506 1552 598 1618 valde
622 1551 709 1616 enim
732 1551 843 1616 urbem
866 1552 956 1638 fugio
979 1553 1103 1617 multas
1128 1553 1169 1618 ob

206 1662 333 1723 causas3
365 1641 474 1726 itaque
502 1639 536 1705 id
562 1639 669 1724 ipsum
696 1639 822 1724 dubito,
855 1661 898 1704 an
925 1641 1171 1706 excusationem

206 1729 347 1814 aliquam
370 1729 411 1793 ad
432 1729 525 1793 illum
545 1749 671 1812 parem,
694 1728 780 1812 qnod
803 1728 932 1813 quidem
954 1729 1048 1794 video
1073 1729 1170 1794 facile

206 1839 289 1902 esse,
320 1817 376 1882 sed
407 1816 563 1882 habemus
591 1817 669 1880 satis
696 1817 850 1901 temporis
878 1817 920 1884 ad
947 1818 1170 1904 cogitandum.

205 1906 305 1973 Piliae
328 1908 361 1972 et
382 1904 511 1970 Atticae
535 1905 680 1969 salutem.

609 2097 762 2164 XXVIII.

218 2208 221 2213 ¹
306 2221 497 2278 sceldunea
515 2236 609 2276 mense
627 2219 730 2274 Martio
749 2219 826 2288 (ante
844 2219 1063 2289 aequinoctium,

386 2308 414 2346 o:
433 2293 499 2347 ante
516 2290 589 2346 VIII.
608 2290 670 2346 Kal
689 2291 768 2360 Apr.)
786 2307 812 2346 a.
831 2309 858 2344 u.
877 2307 900 2344 c.
920 2296 979 2346 709.

476 2394 625 2453 CICERO
642 2395 794 2453 ATTICO
811 2395 894 2451 SAL.

272 2505 322 2571 De
336 2503 415 2572 Silio
437 2505 540 2571 nihilo
562 2505 657 2589 plura
678 2505 817 2590 cognovi
830 2526 869 2571 ex
891 2507 1060 2591 praesente
1075 2501 1171 2569 Sicca

208 2616 304 2680 quam
327 2615 366 2658 ex
386 2594 503 2658 litteris
526 2593 608 2676 eius,
631 2593 803 2678 scripserat·
820 2593 906 2657 enim
928 2592 1116 2677 diligenter:
1140 2593 1169 2656 si

188 2695 196 2767 j
207 2683 308 2768 igitur
329 2684 365 2746 tu
388 2682 479 2747 illum
502 2682 704 2766 conveneris,
736 2681 855 2746 scribes
878 2681 1007 2765 adme,
1038 2680 1169 2764 siquid

207 2770 375 2837 videbitur.
419 2769 469 2836 De
492 2790 560 2853 quo
589 2773 686 2854 putas
713 2770 755 2835 ad
776 2791 828 2834 me
850 2769 985 2834 missum
1008 2790 1093 2853 esse,
1124 2769 1170 2833 sit

207 2860 340 2926 missum
369 2879 484 2941 necne,
515 2859 637 2942 neseio,
668 2859 789 2923 dictum
818 2857 947 2941 quidem
973 2857 1055 2921 mihi
1081 2861 1169 2922 certe

207 2949 290 3014 nihil
312 2950 373 3013 est:
396 2951 433 3012 tu
455 2945 564 3032 igitur,
586 2950 624 3010 ut
646 2945 789 3031 coepisti,
812 2948 853 3028 et,
876 2945 998 3029 siquid
1021 2945 1069 3009 ita
1090 2967 1169 3010 con·

207 3037 294 3102 ficies
318 3073 359 3084 -
383 3036 469 3122 quod
492 3033 639 3120 equidem
660 3057 729 3100 non
751 3034 890 3100 arbitror
911 3033 981 3097 fieri
1003 3055 1100 3117 posse
1114 3071 1170 3118 —,

207 3129 244 3192 ut
270 3125 318 3190 illi
347 3122 514 3212 probetur,
545 3121 745 3207 Ciceronem,
777 3121 805 3187 si
835 3122 896 3187 tibi
926 3121 1080 3207 placebib,
1112 3121 1169 3186 ad·

207 3213 347 3281 hibebis:
384 3213 452 3278 eius
488 3209 610 3296 aliquid
644 3212 781 3277 interest
815 3210 916 3275 videri
951 3210 1037 3275 illius
1069 3231 1171 3275 eausa

208 3459 280 3541 enim
296 3458 409 3528 (vulgo).
437 3459 504 3512 sciri
520 3473 542 3511 a.
561 3457 616 3526 (W.
636 3455 707 3526 conj.
722 3457 751 3510 et
765 3383 1017 3526 distaiddircvaegd'
1027 3390 1171 3524 Gilda?

208 3526 638 3666 corruebat
653 3527 689 3583 Α·
946 3532 969 3580 ¹·
1103 3526 1169 3596 <u-

278 3387 330 3459 Ep.
350 3394 393 3456 27,
412 3393 437 3442 2.
456 3387 529 3457 qaod
545 3386 650 3442 serebas
667 3384 744 3455 (W.).
