2608 3972
245 211 289 278 58
526 213 565 267 ll
584 211 709 268 TULLII
725 209 916 268 CICERONIS

243 355 323 436 'sin
347 356 513 422 hominem
538 356 586 420 ire
613 356 795 439 cupiebam,
829 377 898 420 non
932 354 1128 437 mehercule,
1162 355 1204 418 ut
1297 393 1298 436 3

244 445 405 510 differrem
432 467 506 510 oum
532 466 571 509 eo
597 445 817 508 vadimonium
840 479 883 490 -·
906 465 984 507 nam
1014 442 1096 508 mira
1127 463 1203 506 sum

244 533 411 598 alwrilate
433 533 476 597 ad
497 532 693 618 litigandum
714 569 772 616 -,
794 531 850 596 sed
871 530 1039 595 videbatur
1060 528 1149 612 mihi,
1173 529 1204 594 si
1297 551 1298 554 ¹

244 621 322 706 quid
353 625 440 686 essa
469 622 506 686 in
536 642 570 688 co
600 621 769 705 populare,
801 619 888 704 quod
918 619 1063 703 plebeius
1093 617 1204 682 fuctus
1297 695 1298 702 ἵ

244 713 338 792 assei,
359 709 393 774 id
416 710 606 774 amissurus:
629 709 706 792 quid
719 708 807 773 enim
819 708 863 772 ad
885 707 1012 792 plebem
1032 703 1203 772 naman?
1297 713 1298 716 ’

243 801 282 862 ul
294 797 469 882 'ligr-auem
486 799 551 882 ires
569 797 768 862 salulalum‘?
790 817 888 860 narra
908 795 1001 860 mihi:
1027 815 1120 879 reges
1139 791 1204 858 Ar·

244 887 344 950 menii
365 886 519 970 patricios
532 887 709 950 resalulare
722 906 791 950 non
810 884 938 950 solent?
961 883 1038 968 quid
1051 879 1205 966 quaeris?

245 995 393 1039 acueram
415 995 464 1039 noc
486 975 527 1038 ad
550 972 778 1058 exagitandam
794 973 880 1038 hanc
902 973 971 1037 eius
992 969 1205 1056 legationem:

245 1063 452 1147 quamsiille
465 1062 644 1128 contemnit
656 1065 690 1126 et
703 1062 744 1144 si,
766 1064 805 1125 ul
817 1061 939 1145 scribis,
960 1059 1058 1124 bilem
1069 1059 1104 1122 id
1117 1079 1205 1122 com·
1297 1089 1298 1104 2

245 1154 355 1216 move’c
368 1155 401 1216 ct
412 1152 570 1216 latoribus
579 1155 613 1216 et
625 1150 808 1235 auspicibus
820 1150 903 1234 legis
916 1148 1065 1230 curiatae,
1078 1149 1206 1232 speciae
1297 1185 1298 1226 1

218 1240 354 1304 sculum
367 1240 542 1324 egregium.
569 1237 717 1322 Hercule,
738 1259 851 1302 verum
864 1241 901 1302 ut
922 1238 1105 1320 loquamur,
1127 1234 1205 1300 sub·

245 1327 476 1392 conmmeliose
497 1330 656 1391 lraelalur
677 1330 789 1391 nesler
806 1325 952 1391 Publius:
974 1324 1115 1408 primum
1137 1323 1207 1407 qui,

246 1435 346 1499 quum
359 1414 447 1480 domi
461 1413 606 1480 Caesaris
620 1413 784 1498 quondam
806 1435 891 1478 nnus
913 1413 963 1476 vir
983 1411 1091 1495 fuerit,
1112 1432 1205 1476 nuuc
1297 1417 1298 1472 ξ

245 1524 288 1568 ne
318 1504 354 1566 in
385 1503 502 1589 viginli
533 1503 661 1586 quidem
698 1524 767 1568 esse
802 1501 957 1586 poluerit3
992 1499 1106 1564 deinde
1136 1499 1207 1564 alia
1297 1495 1298 1528 ³

246 1591 367 1677 legatio
390 1591 476 1656 dicia
499 1595 577 1674 crac,
600 1591 664 1655 alia
686 1591 762 1655 data
784 1596 846 1654 est:
868 1590 925 1654 illa
947 1589 1055 1673 opima
1077 1586 1118 1652 ad
1139 1587 1206 1652 exi-
1297 1589 1298 1620 ³

248 1679 371 1764 gendes
392 1680 546 1764 pecunias
568 1679 690 1763 Druso,
718 1682 756 1744 ul
777 1679 905 1763 opinor,
931 1676 1129 1759 Pisaurensi,
1161 1697 1207 1740 an

247 1766 543 1941 lllllldllffil
569 1767 875 1920 llll-llll&
898 1763 1205 1918 ἓὲᾞῗοὲἒθΐῗ

247 1965 329 2028 pora
341 1947 532 2009 reservatur.
542 1907 551 1940 ’
562 1943 702 2008 Incende
716 1943 889 2026 hominem,
903 1941 1018 2006 amabo
1031 1943 1074 2024 ie,
1097 1939 1208 2024 quoad

247 2036 349 2117 potes.
380 2031 457 2098 Una
479 2054 553 2116 spes
576 2035 626 2096 est
643 2032 756 2096 salutis
777 2031 914 2095 islorum
935 2031 1022 2093 inter
1037 2029 1126 2111 ipsos
1141 2027 1207 2092 dis·
1297 2033 1298 2124 l

250 2121 370 2187 sensio:
393 2121 483 2186 cuius
507 2141 567 2205 ego
591 2119 748 2204 quaedam
769 2119 863 2183 initia
882 2118 972 2182 sensi
994 2139 1033 2182 ex
1050 2114 1208 2200 Curion03
1297 2135 1298 2190 l

247 2210 313 2275 ianr
339 2231 415 2275 vero
442 2208 557 2274 Arrius
585 2208 789 2273 consulatum
815 2207 877 2271 sibi
905 2209 1050 2290 ereptum
1081 2204 1208 2287 fremit3
1297 2191 1298 2234 ¹

247 2297 485 2382 Megabocchus
517 2301 551 2362 et
580 2297 660 2361 haec
690 2295 899 2381 sanguinaria
924 2294 1075 2359 iuventus
1097 2293 1207 2358 inimi·

248 2385 376 2449 cissima
399 2389 461 2467 esl3
492 2385 624 2448 accedat
645 2405 735 2468 vero,
767 2383 898 2448 accedat
921 2382 1018 2446 eliam
1044 2380 1109 2445 ista
1135 2381 1209 2445 rixa

249 2475 434 2555 auguralus.
472 2469 572 2554 Spero
595 2493 646 2534 me
668 2472 851 2554 praeclaras
874 2471 912 2535 de
934 2470 1005 2533 istis
1027 2469 1126 2534 rebus
1140 2469 1208 2554 epi·

221 2559 350 2624 rstolas
373 2559 413 2623 ad
436 2561 468 2624 le
496 2579 591 2643 saepe
618 2559 799 2622 missurum.
836 2557 912 2642 Sed,
941 2557 1022 2622 illud
1049 2556 1128 2641 quid
1155 2557 1209 2642 sil,
1297 2537 1298 2620 ?

249 2647 329 2712 scire
352 2647 456 2730 cupio,
478 2646 564 2731 quod
586 2646 664 2710 iacis
686 2646 830 2730 obscure,
854 2647 920 2710 iam
942 2645 1040 2710 etiam
1063 2667 1104 2710 ex
1126 2645 1209 2730 ipsis

248 2735 390 2819 quinque
412 2734 489 2799 viris
511 2734 601 2818 loqui
624 2733 788 2818 quosdam.
830 2733 991 2810 Quidnam
1012 2732 1047 2797 id
1070 2732 1142 2798 est?
1180 2734 1210 2799 si
1297 2745 1298 2798 l

248 2825 298 2888 est
329 2822 416 2888 enim
447 2822 582 2906 aliquid,
613 2823 687 2906 plus
719 2825 769 2886 est
798 2821 886 2905 boni,
917 2842 1014 2905 quam
1045 2824 1209 2906 putaram.

246 2910 356 2996 Atque
369 2909 458 2993 haec,
482 2911 527 2975 sic
541 2909 637 2974 velim
651 2910 822 2993 existimes,
843 2931 911 2974 non
932 2930 985 2972 me
1003 2908 1062 2974 aba
1075 2911 1108 2973 te
1122 2904 1210 2974 κατὰ
1297 2965 1298 2984 ,

246 2994 284 3064 τὸ
308 2993 490 3083 πρακτικὸν
512 3019 672 3083 quaerere,
695 2997 781 3082 quod
800 2997 919 3082 gestiat
932 2996 1060 3061 animus
1083 2996 1210 3081 aliquid

1297 3649 1298 3684 l

317 3190 369 3260 Ep.
390 3196 418 3258 ⁷,
437 3197 462 3245 2.
494 3190 563 3256 ssa
579 3189 713 3244 homiaem
729 3190 771 3244 ire
794 3188 871 3256 (W.).
898 3192 931 3242 at
949 3187 1006 3255 (vel
1024 3190 1117 3258 quaen)
1141 3189 1169 3243 h.
1189 3190 1210 3244 ι’.

248 3261 315 3331 (W.)
338 3263 388 3315 aut
410 3276 476 3315 eane
497 3260 523 3314 lu
541 3260 561 3313 i.
586 3259 722 3328 (Kayser.)
751 3260 801 3313 aut
821 3259 896 3312 istim
917 3258 944 3311 d.
962 3259 982 3312 i.
1006 3257 1129 3328 (Graes.)
1159 3261 1212 3313 auc

246 3332 330 3386 ioan
346 3331 372 3385 lo.
390 3332 410 3386 i.
430 3331 497 3398 (W.)
516 3332 566 3387 aut
582 3329 608 3383 lo.
627 3331 646 3384 i.
666 3331 722 3398 (m,
738 3328 788 3398 Β.).
832 3334 857 3382 3.
875 3331 954 3396 potes
970 3328 1043 3398 (cdd.
1058 3328 1136 3396 Mal,
1155 3332 1210 3398 ac).

243 3406 295 3469 pot
312 3417 375 3454 oum
394 3415 459 3455 arcu
477 3399 514 3454 M.
537 3403 627 3474 polest
644 3399 702 3467 Zb,
720 3399 781 3466 RI,
799 3401 825 3471 β,
844 3397 874 3452 Β.
899 3423 933 3438 -
960 3399 1033 3454 iader
1049 3400 1125 3468 ipsos
1143 3400 1210 3454 disc.

247 3469 613 3539 (Ambr.1⁶,Ern.conj.).
645 3471 664 3522 ι’.
683 3471 750 3526 istoc
766 3469 794 3524 d.
812 3467 906 3537 vulgo.
949 3474 974 3522 4.
1001 3470 1123 3540 quiaque
1140 3472 1213 3526 viria

247 3539 361 3610 (vulgo).
380 3541 481 3609 viginti
497 3555 522 3594 o.
541 3542 598 3613 (m,
616 3538 676 3613 B.)?
695 3569 728 3579 -
748 3543 829 3609 atque
845 3538 894 3594 hoc
912 3537 997 3607 (ΝΜ
