2582 3980
208 251 467 308 EPISTOLARUM
485 253 535 308 AD
553 252 717 308 ATTICUM
735 254 807 310 XVI.
827 261 852 312 4.
872 261 896 311 ὁ.
968 255 1035 322 585

74 395 175 462 etiam
189 397 410 484 persuasisset,
424 397 491 484 egit
500 418 625 463 mecum
634 401 783 466 accurate
796 401 906 467 multis
920 403 1035 488 uerbis,

75 485 138 550 tibi
159 489 197 551 ut
220 486 412 571 sponderem
430 508 463 552 se
478 486 611 572 dignum
627 491 660 554 et
671 491 705 554 te
719 491 752 554 et
764 489 859 557 nobis
881 490 1036 578 futurum,

75 595 182 677 neque
204 597 240 641 se
261 575 439 678 postulare,
469 576 640 642 utstatim
663 575 821 660 crederes,
844 579 914 663 sed,
937 602 1036 665 quum

74 667 811 840 tttptttttittitqttt‘t
842 665 1037 844 qttidsiil

78 841 207 908 mnium
228 841 312 929 fore,
339 865 406 910 non
428 841 576 909 fecissem
597 843 644 930 id,
676 843 762 930 quod
785 845 928 911 dicturus
952 867 1037 913 sum:

76 932 155 998 duxi
177 929 264 998 enim
286 952 412 998 mecum
434 931 670 999 adolescentem
694 933 734 998 ad
756 932 908 1017 Brutum3
939 935 985 1000 sic
1008 935 1037 1001 ei

75 1021 252 1108 probatum
275 1025 333 1106 est,
356 1019 443 1107 quod
465 1021 506 1086 ad
519 1025 552 1088 te
571 1022 686 1106 scribo,
708 1026 745 1088 ut
766 1023 836 1106 ipse
858 1022 1051 1109 crediderit:

77 1111 699 1267 ltetgt?‘ttnrtttttr'ttlt
730 1111 1037 1267 turturis

76 1289 228 1372 latusque
242 1288 406 1356 dimiserit.
434 1288 659 1375 Quamobrem,
678 1249 739 1354 etsi
752 1224 857 1375 magis
871 1293 929 1374 est,
952 1289 1038 1374 quod

77 1379 223 1464 gratuler
238 1377 323 1463 tibi,
356 1399 453 1464 quam
481 1377 565 1462 quod
592 1381 625 1442 te
651 1382 918 1464 rogem,.stamen
941 1379 1038 1444 etiam

77 1465 524 1622 diffidsubodstddssrldiddd
543 1466 1038 1621 Epteavigzgpltetrmmffiiltphtgss

76 1644 171 1710 illum
200 1643 355 1710 abiecisse
386 1643 529 1729 mihique
561 1577 672 1709 crrddes
699 1605 837 1710 multuni
869 1645 1039 1711 allaturam

78 1734 131 1798 vel
158 1730 333 1818 plurimum
359 1733 468 1817 potius
495 1732 537 1801 ad
563 1733 650 1798 illius
672 1731 826 1800 iudicium
848 1733 1038 1800 confirmae

78 1822 158 1887 dum
189 1821 416 1887 auctoritatem
449 1823 549 1888 tuam.
598 1820 701 1888 Bruto
734 1843 833 1907 quum
864 1843 959 1906 saepe
990 1823 1065 1886 in÷³

78 1910 226 1977 iecissem
249 1909 288 1975 de
305 1903 478 1996 ὁμοπλοίᾳ,
498 1931 566 1976 non
588 1909 731 1994 perinde,
753 1913 850 1993 atque
863 1930 924 1994 ego
946 1913 1039 1993 puta·

78 2021 159 2083 ram,
182 1997 323 2082 arripere
346 1998 433 2063 ‘visus
457 2000 518 2063 est:
550 1997 773 2063 existimabam
797 1992 1040 2081 μετεωρότερον

79 2109 161 2170 esse,
184 2090 218 2151 et
238 2085 368 2152 hercule
392 2089 470 2170 erat,
493 2087 526 2150 et
547 2086 684 2152 maxime
698 2083 737 2152 de
760 2085 853 2152 ludis.
885 2083 931 2150 At
951 2083 1040 2170 mihi,

80 2199 181 2263 quum
204 2174 245 2240 ad
265 2175 376 2240 villam
389 2174 552 2258 redissem,
575 2171 632 2239 On.
646 2172 810 2259 Lucceius,
832 2173 889 2258 qui
901 2173 1040 2240 multum

78 2266 184 2331 utitur
198 2263 315 2348 Bruto,
337 2263 482 2328 narravit
503 2263 593 2328 illum
608 2263 701 2328 ualde
719 2262 840 2328 morari
852 2281 921 2328 non
941 2261 1040 2348 tergi·

79 2356 278 2436 versantem,
310 2351 364 2417 sed
398 2354 651 2436 exspectantem,
681 2351 709 2415 si
739 2351 796 2436 qui
821 2351 907 2417 forte
939 2372 1042 2416 casus.

79 2442 197 2527 Itaque
223 2440 336 2506 dubito
364 2461 407 2505 en
429 2437 607 2506 Venusiam
633 2438 765 2504 tendam
794 2443 827 2506 et
852 2439 899 2505 ibi
932 2459 1041 2525 exspe-

81 2536 167 2597 ctem
190 2529 229 2594 de
252 2527 447 2615 legionibus:
472 2529 500 2594 si
520 2528 666 2612 aberunt,
687 2529 726 2594 ut
738 2527 869 2636 <puidam
882 2527 1040 2594 arbitran-

79 2625 149 2704 tur,
178 2616 397 2702 Hydruntem,
428 2617 456 2681 si
477 2619 628 2682 neutrum
656 2616 718 2680 erit
744 2612 903 2702 ασφαλές,
929 2617 1042 2684 eodem

81 2708 234 2776 revertar.
261 2705 367 2772 Iocari
382 2726 433 2771 me
454 2704 574 2789 putas?
596 2704 724 2788 moriar,
747 2705 774 2772 si
798 2705 968 2790 quisquam
991 2725 1041 2770 me

16 2846 19 2852 ,
81 2799 173 2862 tenet
195 2798 322 2881 praeter
344 2797 391 2877 te3
413 2793 766 2880 etenimcireumspice
790 2794 845 2860 sed
869 2797 1042 2877 antequam

82 2885 245 2951 erubesco.
291 2881 409 2949 Odies
431 2881 470 2948 in'
490 2881 640 2967 auspiciis
663 2880 777 2966 Lepidi
805 2882 902 2967 lepide
925 2881 1069 2946 deseri-⁴

81 2979 158 3060 ptos
185 2976 219 3038 et
245 2974 320 3057 apte
348 2971 389 3036 ad
416 2971 585 3038 consilium
614 2969 736 3038 reditus
767 2969 884 3036 nostri!
920 2968 1044 3054 Magna

83 3057 171 3146 ῥοπὴ
186 3062 227 3126 ad
249 3059 516 3145 proficiscendum
530 3061 565 3126 in
578 3059 643 3124 tuis
658 3059 784 3143 litteris,
807 3061 904 3142 atque
917 3057 1043 3124 utinam

82 3155 115 3216 te
128 3151 208 3216 illici
232 3149 288 3215 sed
301 3152 339 3214 ut
355 3149 532 3215 conducere
554 3147 693 3234 putabis.
720 3146 857 3232 Nepotis
872 3146 1043 3234 epistolam

83 3241 244 3324 exspecto.
289 3235 432 3322 Cupidus
463 3237 517 3302 ille
549 3235 716 3303 meorum?
752 3237 807 3321 qui
839 3256 890 3319 ee,
926 3235 1069 3320 quibust

83 3328 223 3394 maxime
244 3325 386 3410 properi,
416 3325 554 3411 legenda
575 3347 644 3391 non
670 3329 771 3410 putet.
815 3323 861 3390 Et
883 3324 930 3388 ais
953 3315 1041 3408 »μετ’

82 3410 271 3570 turi
293 3407 847 3568 esuriretur
867 3406 1044 3567 lullus

83 3589 161 3660 Tiro
184 3525 292 3657 instedJ
311 3590 526 3676 septuaginta,
549 3593 582 3656 et
600 3589 729 3674 quidem
743 3523 871 3654 ²tuditba
891 3591 925 3654 te
949 3567 1044 3673 quaess
