2594 3976
228 175 301 276 'aaa
520 209 910 267 hemmerannum

235 357 311 421 nolo
346 358 380 420 te
415 355 507 420 illum
542 355 661 420 iratum
696 356 823 420 habere.
873 354 977 422 Servii
1013 359 1200 425 orationem

235 465 406 529 cognosco,
428 445 464 507 in
486 466 550 526 qua
571 445 644 528 plus
666 444 791 510 timoris
813 445 906 510 video
930 467 1028 530 quam
1052 450 1197 532 consilii3

235 533 304 616 sed,
340 532 493 617 quoniam
528 532 690 617 perterriti
726 554 838 602 omnes
873 556 998 620 sumus,
1034 538 1199 602 assentior

235 620 355 687 Servio.
404 620 562 686 Publilius
600 625 706 686 tecum
741 622 875 689 tricatus
912 627 974 707 est3
1010 624 1075 689 hue
1109 627 1198 690 euim

235 709 391 776 Caerellia
413 711 511 776 missa
525 710 566 775 ab
584 709 656 775 istis
679 713 728 774 est
749 711 858 798 legata
876 711 917 775 ad
938 733 1001 796 me,
1024 713 1076 778 cui
1099 713 1197 779 facile

233 800 379 884 persuasi
401 797 481 862 mihi
503 797 551 882 id,
581 798 667 883 quod
689 803 834 884 rogaret,
865 820 906 864 ne
933 800 1030 865 licere
1054 803 1200 887 quidem,

232 909 301 953 non
333 887 428 953 modo
460 908 528 952 non
559 887 667 952 libere.
713 887 893 953 Antonium
926 889 953 953 si
985 889 1112 975 videro,
1144 913 1195 956 aa·

206 980 342 1042 reurate
375 997 470 1064 agam
502 975 541 1040 de
570 972 741 1042 Buthroto.
786 975 891 1042 Venio
923 977 965 1042 ad
995 980 1200 1046 recentiores·

232 1067 371 1150 litteras,
403 1085 597 1150 quamquam
626 1064 665 1128 de
689 1061 799 1130 Servio
828 1065 894 1129 iam
916 1067 1076 1152 rescripsi.
1122 1068 1194 1152 „Me

232 1155 337 1220 facere
360 1175 513 1240 magnam
530 1150 650 1239 πρᾶξιν
663 1151 878 1218 Dolabellae.“
905 1153 988 1220 Mihi
1010 1155 1196 1222 mehercule

232 1244 279 1309 ita
310 1243 450 1308 videtur:
486 1265 555 1308 non
581 1243 602 1321 †
624 1241 767 1327 potuisse
794 1243 898 1308 maior
924 1243 984 1308 tali
1013 1265 1047 1309 re
1070 1245 1192 1331 talique

232 1336 391 1417 tempore,
423 1331 479 1396 sed
500 1335 624 1415 tamen,
646 1330 800 1416 quidquid
824 1332 853 1396 ei
875 1331 997 1416 tribuo,
1020 1333 1131 1399 tribuo
1154 1356 1193 1400 ax

232 1421 297 1485 tuis
324 1420 450 1485 litteris.
494 1419 568 1483 Tibi
595 1441 670 1484 vero
699 1419 857 1485 assentior
887 1421 1043 1486 maiorem
1070 1421 1193 1506 πρᾶξιν

233 1510 301 1574 eius
324 1510 403 1594 fore,
426 1509 453 1573 si
476 1507 568 1592 mihi,
592 1508 677 1593 quod
701 1507 819 1592 debuit,
842 1508 1033 1574 dissolverit.
1070 1509 1192 1578 Brutus

205 1599 328 1663 avelim
352 1599 394 1662 sit
416 1597 564 1662 Asturae.
610 1595 701 1672 Quod
726 1600 833 1661 autem
859 1596 973 1662 laudas
999 1619 1069 1684 me,
1105 1601 1193 1684 quod

230 1685 313 1751 nihil
341 1690 416 1750 ante
447 1685 485 1749 de
517 1685 716 1770 profectione
745 1685 953 1770 constituam,
985 1708 1097 1773 quarn,
1129 1689 1192 1754 ista

232 1797 295 1859 quo
320 1795 454 1838 evasura
477 1774 555 1858 sint,
582 1773 707 1856 videro,
735 1777 826 1838 muto
850 1775 1059 1862 sententiam,
1087 1798 1193 1862 neque

232 1863 407 1950 quidquam
441 1869 565 1946 tamen,
604 1865 777 1946 antequam
812 1865 845 1927 te
882 1863 1000 1929 videro.
1045 1861 1191 1930 Atticam

231 1975 337 2017 meam
369 1952 490 2038 gratias
522 1950 602 2015 mihi
634 1971 728 2036 agere
761 1951 800 2014 de
831 1955 934 2018 matre
989 1952 1108 2039 audeo,
1141 1956 1191 2020 cui

231 2041 360 2126 quidem
383 2061 444 2126 ego
466 2043 570 2104 totam
592 2039 702 2104 villam
716 2039 891 2123 cellamque
913 2043 965 2106 tra
991 2041 1034 2105 'di
1056 2064 1191 2128 eamque

232 2130 415 2216 cogitabam
437 2147 468 2194 v.
483 2127 559 2192 Idus
582 2127 698 2196 videre.
725 2127 775 2192 Tu
789 2127 917 2194 Atticae
937 2130 1076 2196 salutem
1090 2131 1193 2197 dices:

230 2240 291 2284 nos
313 2217 429 2282 Piliam
452 2215 624 2302 diligenter
646 2215 817 2281 tuebimur.

675 2409 747 2475 XX.

299 2531 356 2588 Sor.
376 2533 406 2586 in
424 2531 579 2588 Puteolano
598 2548 623 2586 a.
643 2531 668 2586 d.
688 2531 721 2587 V.
741 2533 805 2588 Idus
823 2530 917 2588 Maias
931 2549 956 2588 a.
976 2551 1001 2588 u.
1021 2550 1045 2589 e.
1067 2540 1127 2590 ⁷10.

547 2635 695 2693 CICERO
712 2637 870 2694 ATTICO.

204 2763 216 2802 ι
296 2743 326 2810 Ε
355 2743 552 2830 Pompeiano
589 2747 666 2816 navi
701 2747 852 2812 advectus
889 2768 960 2812 sum
995 2747 1031 2812 in
1063 2747 1192 2814 Luculli

230 2834 334 2899 nostri
356 2834 533 2920 hospitium
556 2853 599 2900 vr.
613 2835 691 2900 Idus
713 2836 794 2900 hora
815 2835 883 2900 fere
905 2836 1018 2919 tertia;
1041 2857 1192 2923 egressus

231 2927 339 2989 autem
362 2945 378 2988 e
401 2925 478 2989 navi
500 2924 609 3008 accepi
630 2928 705 2988 tuas
727 2924 861 3008 litteras,
887 2945 967 3007 quas
988 2929 1066 2990 tuus
1088 2926 1189 2991 tabel-

229 3011 329 3077 larius
352 3014 387 3076 in
402 3009 583 3079 Cumanum
607 3012 753 3078 attulisse
777 3012 952 3098 dicebatur,
974 3012 1080 3079 Nonis
1094 3013 1190 3080 Maiis

232 3099 331 3164 datas.
376 3099 408 3164 A
429 3099 563 3167 Lucullo
591 3101 746 3186 postridie
774 3101 885 3168 eadem
911 3101 979 3166 fere
1005 3101 1088 3168 hore
1116 3103 1189 3170 veni

231 3189 266 3250 iu
288 3187 517 3253 Puteolanum:
548 3189 594 3252 ibi
618 3190 726 3273 accepi
750 3188 829 3254 duas
853 3190 1022 3275 epistolas,
1054 3191 1191 3256 alteram

206 3272 346 3357 tNonis,
368 3275 503 3340 alteram
525 3295 583 3342 vn.
605 3276 682 3341 Idus
704 3275 851 3342 Lanuvio
874 3278 976 3342 datas.
1020 3278 1108 3343 Audi
1129 3281 1191 3365 igi-

301 3479 354 3548 ΕΡ.
375 3486 416 3546 19,
436 3487 460 3536 t.
478 3485 497 3548 Τ
510 3485 634 3550 potuisse
652 3485 832 3554 (mulceto).
846 3488 941 3556 potuit
957 3503 1012 3543 esse
1027 3487 1085 3558 (Or.
1105 3488 1191 3560 oonj.)

234 3547 283 3599 aut
295 3551 429 3615 potuisset
446 3566 499 3604 eece
517 3551 592 3622 (W.).
610 3557 745 3623 potuisset
762 3556 836 3612 Iunii
853 3557 935 3628 conj,
953 3559 984 3614 B.
