2594 3976
237 254 496 310 EPISTOLARUM
513 254 564 310 AD
581 253 746 310 nuncubi
764 255 838 310 XIV.
859 261 899 312 1³.
980 255 1046 320 523

83 399 229 465 fecisset
250 399 354 464 nihilo
386 399 493 465 minus
525 421 576 464 me
594 400 727 465 inuito:
762 399 872 484 itaque
903 421 1047 466 mearum

82 509 216 573 quoque
238 487 420 591 litterarum
442 488 517 552 misi
539 487 600 552 tibi
622 488 811 572 exemplum.

553 697 592 766 Α.
628 712 634 728 .

223 821 267 874 M.
285 814 473 875 ANTONIUS
492 819 566 876 008.
586 819 613 876 S.
633 817 665 876 D.
684 819 722 876 M.
741 817 919 875 CICERONI.

156 927 440 1012 Ooeupetionibus‘
460 931 510 992 est
539 927 662 993 fautum
691 929 770 994 meis
799 931 832 994 et
858 927 966 992 subita
991 925 1075 992 tua‘r

84 1017 304 1102 profectione,
335 1034 376 1080 ne
407 1019 512 1080 teeum
535 1023 656 1081 ‘eoram'
685 1017 724 1082 de
750 1017 813 1082 beo
844 1037 878 1080 re
906 1020 1048 1102 agerem!

88 1127 189 1190 quam
213 1105 255 1170 ob
278 1125 408 1169 eausam
430 1115 551 1188 vereor,
574 1126 615 1169 ne
630 1105 777 1171 absentia
794 1123 866 1169 mea
883 1105 984 1169 levior
1007 1103 1050 1168 sit

87 1193 179 1277 apud
209 1197 256 1276 te3
287 1193 373 1278 quod
401 1193 429 1258 si
456 1193 586 1272 bouitas
614 1197 672 1258 tua
698 1193 901 1277 responderit
931 1192 1049 1257 iudicio

90 1302 178 1366 meo,
201 1281 287 1365 quod
309 1302 435 1365 semper
456 1281 556 1346 habui
580 1282 619 1346 de
640 1287 687 1366 te,
715 1281 871 1367 gaudebo.
917 1279 948 1345 A
971 1279 1074 1346 Cae-a

86 1391 164 1434 sare
191 1370 284 1453 petii,
314 1373 353 1433 ut
375 1367 445 1434 Sex.
468 1368 617 1434 Clodium
644 1371 840 1436 restitueret:
871 1368 1050 1452 impetravi.

88 1457 175 1522 Erat
206 1457 286 1521 mihi
316 1457 352 1522 in
382 1458 491 1522 animo
520 1458 618 1522 etiam
644 1462 715 1522 tum
742 1459 788 1523 sio
815 1458 865 1522 uti
895 1455 1050 1522 beneficio

88 1548 176 1628 eius,
198 1546 227 1610 si
248 1549 286 1610 tu
307 1547 533 1610 concessisses:
565 1568 629 1631 quo
652 1547 756 1632 magis
779 1546 906 1631 laboro,
935 1549 972 1610 ut
994 1553 1051 1610 tua

90 1635 260 1700 voluntate
277 1633 326 1698 id
357 1653 415 1718 per
443 1655 494 1698 me
521 1634 626 1699 faeere
653 1655 741 1700 nuno
768 1635 872 1712 liceat·
909 1634 995 1718 quod
1023 1633 1052 1699 si

89 1723 256 1788 (tumorem
268 1725 302 1786 te
315 1722 384 1786 θιιιι
398 1723 533 1787 miserae
543 1727 576 1787 et
589 1723 729 1789 afflictae
742 1723 893 1790 fortunae
907 1723 1051 1808 praebes,

91 1833 161 1876 non
182 1810 376 1876 contendam
396 1830 457 1896 ego
479 1812 630 1878 adversus
653 1817 694 1894 te,
725 1833 921 1897 quamquam
941 1811 1052 1876 videor

89 1899 211 1964 debere
224 1899 308 1964 tueri
322 1901 588 1965 eommentarium
603 1899 757 1965 Caesaris.
785 1899 848 1966 Sed
862 1899 1051 1983 mehercule,

89 1989 122 2052 si
145 1987 330 2052 humaniter
344 1990 377 2052 et
390 1989 552 2072 sapienter
574 1993 607 2052 et
629 1988 811 2052 amabiliter
832 1988 868 2051 in
890 2008 942 2051 me
965 1987 1051 2071 eogi-

90 2080 164 2141 tere
187 2076 249 2159 vis,
274 2075 576 2159 faoilenrprofeoto
597 2079 630 2141 te
657 2076 883 2159 praebebis'et
905 2072 993 2139 voles
1016 2073 1051 2138 P.

90 2162 258 2247 Clodium,
294 2165 416 2248 optima
433 2165 486 2248 aip
522 2183 577 2248 spe
609 2185 745 2248 puerum
771 2162 964 2247 repositum,
1001 2183 1052 2226 er·

90 2252 239 2318 istimare
272 2270 340 2317 non
370 2255 404 2316 te
432 2253 626 2318 insectatum
656 2273 738 2336 esse,
770 2271 869 2336 quum
900 2251 1053 2335 potueris

91 2341 218 2406 amieos
239 2343 401 2442 paternos.
428 2340 489 2405 Pet
475 2345 551 2424 tere,
573 2341 716 2424 obsecro,
738 2344 770 2405 te
793 2357 901 2425 prore
923 2337 1080 2422 publiea„
1124 2364 1129 2369 ·

91 2428 197 2494 rideri
218 2429 355 2512 gessisse
379 2429 575 2494 simultatem
598 2450 671 2493 oum
693 2432 784 2514 petre
808 2429 885 2511 eius,
908 2445 1052 2508 nonque

92 2517 328 2600 contempseris
363 2517 449 2582 hene
483 2517 653 2668 familiam3
693 2516 861 2582 honestius
899 2515 1038 2604 enims
1021 2517 1054 2578 et
1083 2569 1086 2572 .

92 2604 256 2670 libentius
272 2597 494 2689 deponimus
484 2605 668 2669 inimicitias
690 2605 738 2668 rei
760 2605 908 2688 publicae
921 2599 1053 2669 nomine

91 2697 262 2776 susceptas
276 2714 405 2796 mquam
414 2693 643 2758 oontumaoiae.
687 2691 741 2757 Me
773 2692 888 2758 deinde
916 2691 984 2757 sine
1013 2691 1057 2755 ad

94 2783 183 2845 hano
196 2781 382 2864 opinionem
396 2781 461 2845 iam
476 2801 563 2846 nune
577 2780 715 2866 dirigere
737 2803 873 2866 puerum
895 2783 929 2845 et
941 2785 1054 2845 tenero

92 2869 206 2934 animo
229 2869 297 2934 eius
320 2869 511 2953 persuadere
533 2889 601 2934 non
624 2890 693 2933 esse
715 2869 889 2934 tradendas
915 2867 1055 2951 posteris

94 2957 294 3022 inimicitias·
328 2977 525 3042 quamquam
547 2961 638 3022 tuam
660 2957 841 3040 fortunam,
864 2955 989 3038 Oieero,
1013 2955 1054 3018 ab

94 3046 187 3111 omni
209 3040 351 3129 periculo
375 3047 486 3111 abesse
500 3043 623 3111 eertum
645 3045 759 3127 habeo,
781 3049 892 3109 tamen
915 3041 1082 3108 arbitror

93 3133 249 3198 malleto
272 3134 414 3218 quietam
437 3139 634 3199 senectutem
657 3137 691 3198 et
712 3133 923 3198 honorificam
945 3125 1061 3219 potius

93 3241 193 3307 egere
214 3242 313 3306 quam
336 3222 514 3310 sollicitam.
545 3221 639 3288 Post
625 3225 728 3288 tremo
750 3243 822 3286 meo
845 3221 914 3285 iure
937 3223 981 3284 te
991 3219 1055 3283 hoe

93 3310 289 3374 beneficium
315 3323 413 3396 rogo,
445 3311 530 3374 nihil
558 3313 644 3376 enim
671 3331 739 3375 non
765 3314 823 3375 tua
852 3330 950 3374 cause
977 3305 1055 3390 feei3

94 3398 232 3482 quod
207 3420 250 3463 ιι
256 3419 325 3463 non
350 3399 502 3484 impetro,
530 3419 589 3485 per
616 3419 667 3462 me
690 3396 803 3464 Clodio
831 3397 964 3462 daturus
987 3409 1056 3459 non

167 3589 365 3661 lep.1a.A.,e.
385 3592 452 3657 eius,
469 3605 527 3646 non
544 3605 598 3660 qao
614 3595 684 3645 cont.
703 3590 777 3658 (W).
801 3605 836 3644 a:
853 3603 911 3643 ιιοιι
924 3586 1055 3656 esvulgo.
