2582 3980
113 655 174 742 Μ.
211 655 552 748 CICERONIS
587 655 674 740 AD
712 657 768 739 M.
804 651 1074 740 BRUTUM

566 793 624 860 ET

158 917 217 1000 M.
245 917 443 1001 BRUTI
473 917 561 1000 AD
581 916 639 1000 Μ.
662 911 1033 999 CICERONEM

223 1058 557 1134 EPISTOLAE
595 1057 969 1131 SUBDITIVAE.
1010 1089 1013 1096 ·

402 1367 536 1439 LIBER
559 1360 799 1439 SECUNDUS.

586 1513 613 1580 I.

489 1629 711 1705 Qucum

418 1737 547 1798 CICERO
566 1739 689 1798 BRUTO
709 1739 786 1797 SAL.

187 1847 292 1928 Quum
313 1849 395 1916 haec
418 1850 606 1934 scribebam,
627 1871 679 1916 res
702 1850 946 1916 existimabatur
968 1849 1004 1914 in
1026 1869 1103 1914 err-1

118 1949 258 2004 tremum
282 1939 421 2004 adducta
443 1938 628 2021 discrimem
660 1937 769 2004 tristes
797 1938 884 2004 enim
914 1937 954 2002 de
976 1936 1076 2002 Brutc

118 2031 232 2092 nostro
262 2026 389 2090 litterae
412 2027 582 2109 nuntiique
610 2025 839 2091 afferebantur:
874 2045 927 2090 me
950 2024 1078 2108 quidem

118 2135 189 2178 non
220 2113 357 2178 maxime
393 2114 646 2198 conturbabant,
682 2114 733 2180 hic
765 2113 852 2180 enim
888 2113 1078 2178 exercItibue

120 2201 333 2286 ducibusque,
368 2222 450 2285 quos
481 2199 660 2286 hebemus,
681 2202 771 2267 nullo
804 2201 900 2267 modo
932 2203 1079 2285 poteram
1108 2265 1110 2270 .

120 2289 279 2372 diffidere,
309 2311 414 2373 neque
438 2289 636 2355 assentiebar
658 2290 773 2355 maiori
794 2289 880 2374 parti
901 2289 1079 2372 hominum,

120 2378 218 2442 fidem
241 2379 327 2442 emm
350 2379 518 2443 consulum
541 2400 609 2443 non
631 2379 901 2460 condemnabam,
924 2399 1005 2462 quae
1029 2399 1079 2442 su·

121 2469 232 2550 spectu
254 2466 461 2531 vehementer
490 2470 571 2532 erat:
608 2466 828 2532 desiderabam
856 2465 1023 2531 nonnullis
1045 2466 1080 2530 in

121 2555 216 2620 rebus
238 2554 443 2639 prudentiam
466 2558 499 2618 et
521 2554 732 2639 celeritatem,
755 2576 819 2639 qua
841 2554 869 2618 si
892 2556 1000 2619 essent
1021 2555 1080 2638 usi,

121 2643 312 2728 iampridem
324 2665 393 2708 rem
413 2643 576 2726 publicam
589 2661 881 2728 temperassemus3
904 2662 972 2710 non
994 2643 1080 2708 enim

120 2733 267 2817 ignoras,
299 2734 422 2816 quanta
448 2736 613 2799 momenta
640 2733 764 2798 sintin
785 2753 819 2798 re
849 2731 979 2816 publica
1000 2735 1080 2796 tem·

121 2842 238 2904 porum
260 2820 393 2904 etquid
418 2819 559 2904 intersit,
590 2820 676 2886 idem
701 2821 781 2886 illud
808 2823 918 2887 utrum
940 2821 1015 2888 ante
1038 2841 1081 2886 an

122 2912 198 2992 post
219 2909 426 2993 decernatur,
447 2908 653 2993 suscipiatur,
676 2913 800 2994 agatur.
845 2905 976 2990 Omnia,
999 2929 1080 2992 quae

123 3018 231 3062 severe
259 2997 387 3062 decreta
409 3001 486 3063 sunt
511 2997 574 3062 hoc
596 2999 751 3082 tumultu,
783 2997 906 3079 sicut,
938 3015 1002 3080 que
1030 2996 1080 3070 die

123 3085 188 3150 dixi
211 3085 415 3169 sententiam,
437 3086 580 3171 perfecta
603 3089 711 3153 essent
733 3089 766 3150 et
786 3105 864 3150 nonu
878 3083 913 3149 in
936 3083 1020 3150 diem
1042 3105 1081 3148 ex

123 3173 174 3238 die
202 3173 302 3238 dilata
328 3177 399 3257 aut,
430 3195 493 3258 quo
527 3196 565 3240 ex
591 3178 736 3258 tempore
764 3175 913 3256 suscepta
942 3175 1018 3236 sunt
1044 3174 1082 3236 ut

124 3265 307 3348 agerentur,
328 3283 396 3328 non
409 3262 539 3329 mrdata
552 3265 585 3327 et
606 3262 852 3346 procrastinata,
873 3259 994 3326 bellum
1015 3260 1081 3334 ianr

122 3350 249 3415 nullum
284 3350 484 3416 haberemus.
536 3349 666 3437 Omnis,
702 3349 817 3435 Brute,
851 3349 999 3433 praestiti
1034 3348 1108 3413 reia

195 3539 247 3611 Ep.
268 3547 293 3611 1,
312 3547 336 3598 1.
354 3543 391 3598 iic
408 3542 480 3597 caim
498 3544 604 3599 canat.
624 3543 708 3614 (ΨΜ
