2590 3964
262 209 305 274 82
548 205 727 262 nrumn
744 205 934 282 meracius

259 352 346 438 qaod
369 351 463 416 facile
487 351 623 435 sentias,
648 350 758 416 taedet
782 350 889 434 ipsum
910 347 1101 435 Pompeium
1123 352 1226 418 rehe-

259 443 447 524 menterque
470 440 623 524 poenitet
648 437 727 504 Non
749 437 902 522 provideo
926 439 1018 522 satis,
1047 461 1144 523 quem
1168 463 1226 506 ex-

258 530 341 594 itum
362 529 508 594 futurum
520 530 641 614 putem,
663 526 719 592 sed
733 529 818 590 certe
834 525 985 591 ridentur
1005 527 1086 592 haee
1109 529 1225 613 aliquo

232 621 422 703 ceroptata.
457 615 573 682 Libros
594 613 780 698 Alexandri,
801 614 997 700 negligentis
1019 613 1164 681 hominis
1189 622 1225 682 et

258 726 328 771 non
349 704 428 770 boni
449 708 574 790 poetae,
596 703 653 768 sed
665 707 775 767 tamen
788 723 857 767 non
869 701 1004 786 inutilis,
1025 703 1086 767 tibi
1099 705 1225 770 remisi.

257 792 451 859 Numeiium
462 791 668 858 Numestium
687 790 828 856 libenter
841 791 950 876 accepi
971 791 1008 854 in
1029 792 1224 858 amicitiam:

259 885 292 947 et
317 881 484 947 hominem
510 900 643 966 gravem
674 881 708 943 et
732 878 909 962 pudentem
936 881 969 944 et
995 879 1132 964 dignum
1162 885 1223 946 tua

260 968 538 1037 commendatione
561 966 709 1053 cognovi.

678 1141 802 1208 XXIII.

426 1264 485 1320 Sor.
504 1264 609 1318 Romae
627 1279 722 1318 mense
741 1261 841 1318 Sextili
859 1278 883 1316 a
902 1280 930 1317 u.
949 1279 972 1317 c.
992 1267 1052 1318 695.

547 1367 679 1424 CICERO
697 1366 833 1423 ATTICO
852 1367 927 1422 SAL.

232 1498 245 1538 1
325 1475 512 1561 Numquam
548 1480 624 1542 ante
661 1475 800 1540 arbitror
834 1480 867 1540 te
904 1476 1075 1560 epistolam
1111 1499 1222 1544 meam

259 1566 389 1652 legisse,
420 1565 484 1629 nisi
511 1586 583 1629 mea
611 1586 710 1629 manu
740 1564 906 1648 scriptam:
942 1586 981 1628 ex
1003 1585 1041 1629 eo
1064 1565 1222 1652 colligere

259 1653 394 1739 poteris,
421 1657 543 1737 quanta
565 1653 776 1737 occupatione
799 1652 967 1736 distinear5
998 1674 1088 1736 nam,
1116 1675 1221 1738 quum

258 1742 353 1807 uacui
375 1742 530 1825 temporis
552 1741 636 1806 nihil
661 1740 815 1805 haberem
841 1743 874 1804 et
896 1762 995 1824 quum
1023 1743 1221 1806 recreandae

259 1830 392 1896 voculae
420 1850 517 1894 causa
543 1850 674 1894 necesse
704 1831 789 1894 esset
814 1827 894 1892 mihi
925 1828 1103 1912 ambulare,
1133 1828 1220 1896 haec

232 1918 378 1983 edictavi
396 1917 574 1982 ambulans.
601 1915 745 1981 Primum
766 1917 868 2002 igitur
889 1915 968 1980 illud
990 1920 1023 1981 te
1038 1917 1117 1982 scire
1131 1920 1220 2004 volo,
1286 1941 1287 1954 ¹

260 2005 561 2090 Sampsiceramum,
592 2009 740 2070 nostrum
762 2005 913 2089 amicum,
936 2005 1141 2078 vehementer
1165 2009 1220 2072 sui

259 2097 363 2161 status
389 2095 554 2179 poenitere
576 2094 767 2177 restituique
793 2093 829 2156 in
856 2114 929 2157 eum
955 2094 1063 2157 locum
1089 2114 1220 2180 cupere,

259 2206 298 2248 ex
320 2205 384 2269 quo
412 2183 542 2266 decidit,
574 2182 780 2266 doloremque
808 2203 901 2245 suum
927 2181 1092 2266 impertire
1118 2183 1218 2248 nobis

258 2276 292 2336 et
313 2271 506 2336 medicinam
527 2270 690 2335 interdum
713 2271 822 2355 aperte
845 2290 1011 2353 quaerere,
1033 2291 1129 2353 quam
1153 2292 1217 2357 ego

257 2380 353 2443 posse
384 2359 522 2423 inveniri
552 2360 676 2424 nullam
707 2360 803 2442 put03
839 2356 954 2421 deinde
986 2379 1096 2422 omnes
1127 2359 1218 2423 illius
1284 2391 1285 2432 ς

257 2447 360 2530 partis
375 2449 522 2510 auctores
540 2467 578 2510 ac
601 2447 704 2510 socios
727 2445 817 2509 nullo
840 2445 1021 2510 adversario
1045 2466 1217 2512 consenes-

258 2554 338 2618 cere,
361 2534 605 2598 consensionem
628 2533 851 2598 universorum
873 2555 933 2598 nco
953 2533 1132 2599 voluntatis
1154 2556 1217 2600 nec

229 2621 416 2687 asermom's
438 2621 594 2686 maiorem
615 2641 769 2704 umquam
791 2621 900 2685 fuisse.
943 2619 1014 2686 Nos
1039 2625 1148 2686 autem
1171 2660 1216 2672 -
1283 2667 1284 2694 }

258 2730 335 2772 nam
356 2709 390 2773 id
412 2712 445 2773 te
469 2710 549 2774 scire
572 2730 688 2793 cupere
713 2713 801 2774 certo
824 2709 890 2774 scio
915 2745 954 2755 —
978 2709 1115 2793 publicis
1139 2730 1216 2776 con-

259 2797 338 2862 siliis
365 2797 463 2861 nullis
489 2797 686 2862 intersumus
712 2800 863 2881 totosque
891 2818 952 2862 nos
984 2797 1025 2863 ad
1051 2797 1216 2864 forensem

258 2907 390 2969 operam
410 2885 617 2969 laboremque
632 2885 835 2969 contulimus,
858 2906 897 2949 ex
915 2906 988 2968 quo,
1011 2886 1096 2969 quod
1118 2886 1215 2954 facile
1282 2905 1283 2948 i

256 2974 396 3060 intelligi
423 2973 541 3058 possit,
571 2973 608 3037 in
638 2974 741 3038 multa
773 2973 1075 3039 commemoratione
1103 2995 1215 3040 earum

257 3083 379 3146 rerum,
402 3082 481 3144 quas
505 3061 676 3146 gessimus,
699 3060 919 3144 desiderioque
942 3082 1114 3126 versamur.
1151 3061 1214 3127 Sed
1281 3111 1282 3116 η

256 3145 425 3232 tordarias
445 3153 576 3214 nostrae
590 3148 850 3235 consanguineus
863 3169 932 3214 non
953 3149 1128 3215 mediocres
1151 3153 1214 3215 ter-

328 3321 380 3392 Ep.
399 3328 446 3392 22,
465 3327 490 3377 7.
522 3323 687 3378 amicitiam:
713 3327 739 3378 ct
755 3323 781 3378 b.
806 3321 937 3391 (Graan).
970 3340 996 3377 a.
1015 3327 1041 3376 et
1057 3322 1082 3376 b.
1103 3321 1159 3392 Or,
1181 3324 1213 3378 B.

256 3390 309 3460 Ep.
329 3397 372 3460 23,
391 3397 416 3445 2.
430 3409 511 3460 pocae
527 3394 649 3448 inaniri
665 3409 693 3446 n.
707 3398 794 3462 puto;
816 3393 843 3447 d.
862 3392 910 3462 (1.).
924 3409 955 3462 p.
974 3393 994 3447 i.
1012 3409 1040 3446 n.
1054 3397 1121 3462 post
1138 3394 1165 3448 d.
1185 3394 1213 3448 Z.
1280 3423 1281 3426 =

252 3475 360 3530 possem
376 3463 500 3517 invenire
517 3480 545 3517 n.
564 3465 590 3518 d.
609 3462 703 3532 Mal..
721 3463 770 3517 sed
783 3463 853 3518 haec
870 3463 1000 3532 inveniri,
1018 3461 1085 3517 Oxx.
1099 3478 1213 3532 possum

256 3531 380 3585 iuvenire
396 3548 440 3596 n.;
458 3533 484 3587 d.
502 3533 563 3602 bh,
581 3533 614 3587 Β.
