2608 3972
261 261 303 325 το
540 260 578 314 u.
598 259 721 314 runnu
738 241 928 316 cressonis

256 426 344 470 meas
366 404 491 470 litteras
512 404 645 490 legerat,
668 399 783 488 quibu's
807 405 848 469 ad
871 427 944 470 eum
966 427 1000 471 re
1017 407 1167 472 consulta
1180 409 1215 470 et

257 494 424 578 explorata
445 495 694 578 perscripseram
715 514 783 558 non
806 493 924 559 deberi.
967 493 1083 579 Velim,
1106 495 1134 559 si
1157 496 1215 579 qui

256 579 370 647 Gracci
391 581 457 646 iam
479 581 618 647 Romam
640 603 680 646 ex
701 581 781 645 Asia
803 581 843 646 de
865 603 904 646 ea
926 603 1029 648 causa·
1044 585 1214 666 venerunt,

255 670 420 755 videsset,
443 671 471 735 si
492 670 553 735 tibi
566 665 735 754 ridebitur,
756 669 795 734 iis
819 670 1028 756 demonstres,
1050 670 1127 754 quid
1150 691 1214 756 ego
1294 673 1295 750 ἦ

256 758 296 824 de
333 779 373 823 aa
410 780 444 823 re
480 759 627 824 sentiam.
678 755 713 822 Si
751 779 882 842 possum
913 759 934 837 †
966 759 1139 842 discedere,
1170 780 1213 822 ne

256 867 353 912 causa
389 848 511 931 optima
546 847 582 911 in
617 849 731 911 senatu
762 849 886 931 pereat,
922 867 982 932 ego
1015 846 1214 912 satisfaciam
1294 849 1295 924 i

255 935 449 1019 publicanis,
481 936 512 998 εἰ
534 931 572 1017 δὲ
591 931 654 1018 μή,
684 969 726 980 -
749 956 823 1000 rere
845 938 952 999 tecum
974 935 1088 1018 loquar
1108 968 1153 982 -·
1176 934 1215 998 in
1294 941 1295 1020 J

255 1023 317 1088 hac
339 1045 374 1088 re
396 1024 481 1089 malo
498 1024 666 1089 universae
680 1021 778 1088 Asiae
792 1026 825 1088 et
847 1023 1112 1108 negotiatoribus,
1133 1044 1214 1087 nam
1294 1023 1295 1060 ³

256 1133 368 1178 eorum
391 1133 517 1197 quoque
540 1111 745 1176 vehementer
767 1111 914 1176 interest:
936 1111 999 1176 hoc
1022 1130 1082 1196 ego
1106 1111 1214 1175 sentio
1294 1117 1295 1188 J

256 1200 348 1264 valde
375 1199 470 1264 nobis
497 1221 579 1284 opus
606 1221 688 1282 esse,
724 1199 779 1264 sed
806 1202 842 1264 tu
873 1199 907 1263 id
932 1198 1065 1265 ridebis.
1109 1198 1214 1275 Quae·
1294 1195 1295 1278 ζ

256 1290 359 1352 stores
392 1291 513 1372 autem,
545 1309 680 1371 quaeso,
715 1309 794 1352 num
826 1288 924 1352 etiam
954 1287 993 1352 de
1026 1286 1214 1370 cistophoro

256 1374 428 1439 dubitant?
463 1397 553 1459 nam,
581 1376 610 1440 si
639 1374 727 1440 aliud
753 1375 835 1440 nihil
862 1377 935 1459 erit,
967 1397 1065 1459 quum
1091 1375 1214 1439 erimus
1294 1439 1295 1456 ,

257 1463 366 1528 omnia
397 1464 532 1547 experti,
568 1483 629 1548 ego
656 1484 697 1527 ne
726 1463 807 1527 illud
839 1463 966 1546 quidem
998 1466 1215 1546 contemnam,

256 1552 341 1635 qnod
364 1553 541 1616 extremum
569 1554 627 1616 est.
672 1550 718 1614 Te
745 1551 781 1614 in
802 1549 954 1635 Arpinati
976 1551 1156 1615 videbimus
1180 1555 1215 1615 et
1294 1555 1295 1636 i

255 1639 397 1724 hospitio
429 1640 550 1725 agresti
586 1639 791 1723 accipiemus,
825 1639 979 1722 quoniam
1014 1639 1213 1703 maritimum
1294 1639 1295 1664 ¹

255 1727 318 1792 hoc
340 1727 569 1812 contempsisti.

683 1901 788 1968 XVII.

307 2023 366 2080 Sor.
385 2023 415 2078 in
434 2024 583 2080 Formiano
601 2023 716 2079 ineunte
734 2039 829 2148 mzrpze
846 2021 922 2078 Maio
946 2023 1023 2090 (ante
1041 2021 1087 2075 VI.
1107 2021 1159 2089 Id.)

636 2111 661 2148 a.
680 2111 707 2148 n.
726 2111 748 2147 o.
823 2134 829 2147 .

547 2198 675 2255 CICERO
694 2198 828 2252 ATTICO
848 2197 923 2252 SAL.

229 2329 242 2372 r
344 2309 490 2392 Prorsus,
512 2311 550 2374 ut
572 2308 699 2391 scribis,
720 2307 767 2370 ita
790 2307 907 2371 sentio:
938 2305 1049 2370 turbat
1071 2303 1214 2414 Sampsi-

257 2419 410 2462 ceramus.
454 2395 545 2460 Nihil
569 2400 626 2478 est,
649 2394 735 2479 quod
757 2415 825 2460 non
847 2393 1025 2458 timendum
1047 2393 1102 2457 sit:
1136 2415 1213 2476 ομο-

256 2481 467 2567 λογουμένως
479 2484 663 2564 τυραννίδα
682 2477 925 2564 συσκευάζεται;
948 2479 1025 2564 quid
1039 2480 1126 2544 enim
1147 2480 1214 2545 ista

256 2571 426 2656 repentina
440 2569 608 2634 affinitatis
623 2570 816 2653 coniunctio,
834 2569 910 2652 quid
927 2589 1005 2652 ager
1018 2565 1215 2652 Campanus
1294 2583 1295 2626 r

257 2659 334 2744 quid
366 2658 478 2722 effusio
510 2657 664 2741 pecuniae
697 2656 902 2740 significant?
938 2677 1020 2740 quae
1047 2653 1075 2719 si
1105 2660 1215 2721 essent

256 2750 408 2829 extrema,
438 2749 548 2809 tamen
571 2748 656 2809 esset
677 2743 812 2808 nimium
834 2743 924 2826 mali,
955 2742 1011 2808 sed
1034 2747 1215 2809 sanatura
1294 2771 1295 2832 ,

255 2836 303 2900 rei
330 2837 392 2916 est,
423 2835 461 2897 ut
486 2833 566 2897 haec
594 2834 735 2897 extrema
765 2852 834 2896 esse
861 2853 928 2896 non
958 2830 1098 2914 possint3
1136 2832 1215 2915 quid
1294 2847 1295 2892 r

257 2923 344 2987 enim
366 2941 422 2985 eos
444 2920 524 2984 haec
537 2921 608 3004 ipsa
630 2941 688 3004 per
711 2941 745 2984 se
760 2919 916 2983 delectare
938 2918 1097 3001 possunt?
1120 2940 1215 2984 num·

257 3031 354 3094 quam
384 3007 448 3072 huo
474 3007 650 3089 venissent,
681 3007 745 3070 nisi
776 3007 818 3070 ad
849 3007 928 3070 alias
959 3027 1010 3070 res
1042 3006 1240 3089 pestiferas.
1294 3013 1295 3072 4

257 3098 363 3162 aditus
387 3095 449 3160 sibi
472 3097 704 3179 compararent.
748 3093 883 3177 Verum,
915 3095 951 3157 ut
974 3092 1100 3176 scribis,
1133 3094 1216 3159 haec
1294 3089 1295 3096 ἵ

327 3305 379 3378 Ep.
400 3311 442 3373 16,
460 3310 484 3358 4.
498 3303 713 3373 perscripseram
732 3303 801 3370 (Mc,
819 3303 849 3370 1.‚
867 3301 972 3371 vulgo).
991 3316 1071 3354 rerer.
1091 3301 1164 3368 (Ml,
1174 3303 1217 3370 R,
1294 3299 1295 3354 i

257 3377 317 3441 Bi?
336 3406 370 3416 -
412 3372 431 3427 i
465 3375 598 3428 ducem
629 3373 685 3436 (Or.
717 3372 762 3436 Π.)
793 3371 824 3425 Β.
856 3373 917 3426 sine
946 3371 966 3434 †
995 3371 1038 3424 itu
1068 3370 1094 3423 d.
1129 3369 1218 3442 (W.)?
1294 3381 1295 3422 ῐ

257 3447 309 3516 Ep.
325 3452 367 3514 1⁵1,
388 3452 411 3500 1.
430 3445 555 3500 trorbator
569 3440 703 3511 (Iuninp
718 3441 850 3494 turbatur
862 3437 955 3507 MRL,
972 3438 1034 3506 bh,
1048 3439 1100 3495 acl.
1120 3443 1220 3499 turbor

258 3517 324 3571 Pius
343 3518 388 3584 (ex
407 3531 456 3569 suo
475 3513 555 3583 odr).
584 3543 617 3552 -
645 3527 729 3580 comp.
754 3509 853 3565 Veram
871 3509 986 3580 (vulgo).
1005 3525 1027 3564 c.
1045 3508 1089 3564 Dr
1106 3511 1219 3568 immor-
1294 3541 1295 3586 3

258 3587 334 3642 tolca.
358 3584 391 3639 V.
409 3584 539 3653 Herreg,
557 3582 638 3654 conj,
656 3581 687 3636 Β.
1294 3589 1295 3594 ’
