2510 3958
183 229 444 286 EPISTOLARUM
462 229 512 284 AD
529 229 693 285 ATTICUM
710 228 783 285 VIII.
804 235 845 285 11.
926 228 992 293 285

49 373 134 438 tuerit
162 375 338 456 sententia,
369 375 508 458 primum
535 374 574 439 de
601 394 679 458 paee
705 373 757 439 vel
783 373 895 457 iniqua
917 394 992 438 con·

49 462 160 526 dicione
183 463 361 545 retinenda,
383 462 498 527 deinde
521 462 560 526 de
583 462 662 526 urbe
683 497 725 510 --
744 481 821 526 nam
843 461 882 526 de
896 460 992 525 Italia

48 549 164 632 quidem
177 550 261 614 nihil
274 551 355 614 mihi
368 570 522 634 umquam
535 549 721 615 ostenderas
738 585 788 632 -,
809 549 992 614 meminisse

48 641 73 699 le
93 637 244 721 arbitror3
267 639 323 702 sed
344 637 426 702 mihi
447 659 515 703 non
529 659 629 721 sumo,
652 640 689 701 ut
702 657 808 702 meum
823 637 993 702 consilium

48 725 141 788 valere
171 727 332 791 debuent:
364 730 493 791 secutus
520 748 591 791 sum
618 730 724 809 tuum,
755 745 860 808 neque
886 725 919 789 id
946 725 993 789 rei

47 813 182 894 publicae
215 835 325 898 causa,
361 814 399 878 de
427 835 491 898 qua
522 813 701 897 desperavi,
736 835 819 897 quae
847 815 881 876 et
906 834 993 877 nnnc

48 900 159 965 afflicte
186 905 322 966 estnec
349 903 480 966 excitari
510 903 579 966 sino
608 902 694 966 civili
723 900 993 986 perniciosissimo

47 987 121 1054 bello
135 993 255 1074 potest,
275 989 330 1054 sed
343 994 376 1054 te
390 990 591 1073 quaerebam,
612 993 720 1054 tecum
734 1011 802 1054 esse
817 988 993 1073 cupiebam,

48 1097 140 1158 neque
155 1079 225 1142 eius
237 1077 285 1141 rei
297 1077 494 1162 facultatem,
512 1079 540 1142 si
553 1099 635 1162 quae
648 1078 718 1160 erit,
731 1077 994 1161 praetermittam.

48 1162 110 1247 Ego
132 1187 185 1231 me
208 1167 243 1230 in
264 1165 327 1230 hac
349 1167 437 1231 omni
460 1187 557 1230 causa
577 1165 672 1230 facile
695 1165 915 1250 intelligebam
937 1184 1021 1248 pur

49 1253 161 1334 grandi
184 1254 308 1338 cupidis
329 1253 515 1318 hominibus
538 1275 605 1319 non
628 1253 824 1334 satisfacere:
855 1253 994 1337 primum

50 1341 124 1405 enim
156 1364 234 1426 prae
265 1363 316 1406 me
343 1343 404 1406 tuli
430 1363 482 1406 me
511 1342 593 1406 nihil
624 1342 719 1406 malle
747 1363 843 1426 quam
875 1362 995 1426 pacem,

50 1447 108 1492 non
129 1431 209 1514 quin
235 1430 347 1494 eadem
373 1431 533 1512 timerem,
565 1450 645 1513 quae
668 1429 729 1512 illi,
761 1430 817 1494 sed
844 1451 882 1494 ea
909 1429 994 1494 bello

50 1515 126 1581 cirili
147 1518 269 1583 leviora
291 1517 458 1600 ducebam3
481 1516 594 1582 deinde
609 1520 757 1602 suscepto
780 1517 875 1601 bello,
897 1538 995 1601 quum

51 1605 130 1684 pacis
165 1606 370 1671 condiciones
406 1606 447 1670 ad
483 1608 515 1669 te
551 1605 659 1669 afferri
690 1627 710 1670 a
741 1608 836 1689 teque
868 1604 909 1670 ad
940 1625 995 1670 eas

51 1689 216 1758 honorifice
238 1697 272 1758 et
293 1695 383 1779 large
406 1694 592 1778 responderi
614 1693 767 1777 viderem,
794 1693 869 1758 duxi
891 1714 996 1758 meam

52 1781 212 1866 rationem,
233 1803 330 1865 quam
352 1782 412 1846 tibi
433 1782 528 1846 facile
550 1803 601 1847 me
623 1782 834 1866 probaturum
857 1803 916 1866 pro
938 1785 996 1847 tuo

52 1866 81 1930 in
109 1891 159 1934 me
189 1870 344 1935 beneficio
376 1870 568 1934 arbitrabar:
605 1870 813 1934 memineram
844 1891 895 1934 me
927 1890 996 1934 esse

53 1975 151 2041 unum,
171 1959 226 2042 qui
244 1979 303 2042 pro
317 1959 396 2023 meis
410 1959 555 2023 maximIs
569 1958 605 2022 in
618 1979 686 2022 rem
699 1958 861 2042 publicam
874 1958 996 2022 meritis

54 2047 199 2129 supplicia
221 2047 400 2112 miserrima
422 2051 455 2111 et
472 2046 691 2111 crudelissima
713 2046 925 2129 pertulissem,
946 2065 996 2110 me
1060 2068 1064 2074 ’

54 2151 112 2196 esse
142 2155 259 2218 unum,
286 2135 354 2218 qui,
382 2135 410 2200 si
437 2135 639 2200 offendissem
667 2134 736 2198 eius
758 2135 914 2216 animum,
946 2132 997 2196 cui

54 2221 125 2305 tum,
166 2243 266 2306 quum
305 2223 369 2286 iam
409 2224 445 2287 in
480 2223 577 2288 armis
614 2242 771 2306 essemus,
811 2221 997 2285 consulatus

53 2309 152 2373 temen
175 2311 312 2375 alteret
339 2311 522 2395 triumphus
544 2310 760 2393 amplissimus
788 2308 998 2385 deferebatur,

55 2397 216 2462 subiicerer
239 2398 359 2464 eisdem
381 2403 534 2482 procellis,
555 2401 593 2463 ut
614 2418 686 2462 mea
712 2418 851 2482 persona
873 2418 998 2480 semper

54 2483 87 2547 ad
117 2487 335 2572 improborum
368 2488 484 2551 cisium
515 2488 654 2570 impetus
686 2485 807 2569 aliquid
838 2485 998 2549 videretur

54 2568 161 2638 habere
189 2575 355 2659 populare,
391 2596 495 2658 neque
520 2573 600 2639 haec
627 2595 694 2638 non
722 2595 782 2658 ego
809 2574 898 2658 prius
927 2595 998 2638 sum

54 2663 237 2744 suspicatus,
269 2683 366 2746 quam
387 2662 467 2726 mihi
489 2661 597 2746 palam
620 2661 811 2727 denuntiata
832 2666 921 2746 sunt,
943 2682 998 2725 ne·

55 2767 108 2829 que
138 2771 175 2814 ea
200 2754 268 2814 tam
297 2751 462 2834 pertimui,
498 2750 526 2814 si
553 2749 719 2814 subeunda
745 2754 866 2833 essent,
901 2771 998 2833 quam

55 2835 233 2902 declinanda
255 2839 375 2922 putavi,
398 2838 425 2901 si
448 2838 582 2902 honeste
605 2839 706 2901 vitare
728 2859 865 2922 possem.
895 2837 1025 2912 Quams

54 2921 170 2990 brevem
193 2927 280 2990 illius
301 2925 465 3009 temporis,
488 2924 565 2989 dum
586 2924 621 2988 in
645 2945 701 3010 cpe
723 2947 787 3009 pax
808 2925 879 3007 fuit,
901 2925 998 2988 ratio·

55 3029 119 3076 nem
140 3018 287 3080 nostram
309 3013 411 3097 rides,
437 3013 553 3096 reliqui
577 3011 766 3077 ‘facultatem
791 3033 843 3076 res
871 3010 999 3075 ademIt.

55 3095 91 3162 lis
112 3105 234 3184 autem,
257 3102 372 3185 quibus
396 3121 463 3165 non
486 3099 664 3179 satisfacio,
690 3100 785 3164 facile
806 3099 999 3181 respondem

56 3205 146 3272 neque
178 3191 265 3254 enim
297 3209 357 3275 ego
387 3188 519 3254 amicior
546 3186 580 3254 0.
608 3186 737 3254 Caesari
768 3207 921 3271 umquam
950 3185 999 3251 fui

114 3355 163 3425 ap.
182 3355 226 3422 1),
245 3357 270 3407 ¹1.
288 3350 396 3405 Deinde
412 3347 473 3419 (0.).
492 3347 565 3402 Inde
583 3345 709 3417 (vulgo)?
720 3373 757 3384 -
769 3343 816 3399 cai
829 3347 898 3426 tam,
916 3358 1000 3425 quana

56 3424 115 3494 (Ill,
132 3423 238 3494 vulgo).
257 3422 302 3478 cai
319 3427 351 3474 tu
368 3437 429 3475 cam
443 3419 502 3473 Ml.
517 3419 571 3481 cal,
585 3433 646 3472 cam
659 3415 718 3483 Ma,
733 3413 762 3468 B.
777 3413 905 3497 procellis
917 3414 999 3483 (conj.

56 3495 119 3564 apud
141 3495 232 3561 Com,
257 3492 350 3547 Madv.
373 3490 466 3559 nus).
487 3487 583 3558 preliis
606 3486 689 3540 MRI.
712 3485 828 3554 proclus
849 3483 943 3553 vulgo.
968 3514 999 3523 -

57 3583 129 3634 noue
145 3567 286 3688 ὴαωΑνᾶοη
303 3562 442 3632 muller).
461 3565 542 3630 atquc
559 3559 585 3613 lc.
603 3574 631 3611 a.
650 3555 735 3625 vulgo
755 3552 868 3626 [Quam]
887 3555 927 3611 tr.
945 3553 1000 3624 (W.

61 3639 83 3690 et
99 3637 188 3692 Madv.
253 3636 307 3702 v.)?
