2574 3966
204 211 464 270 EPISTOLARUM
480 214 531 270 AD
549 213 714 272 rancun
732 215 792 272 XII.
812 222 927 273 29-31.
980 215 1044 280 441

516 409 620 478 XXX.

174 529 235 588 Sor.
254 533 374 588 Asturae
393 533 511 587 exeunte
529 547 625 588 mense
643 531 746 588 Martio
764 550 790 588 a.
808 551 836 588 u.
855 550 879 589 c.
899 531 958 590 709.

359 635 508 694 ΟΙΟΕΒΟ
525 636 676 694 ATTICO
694 637 778 694 SAL.

147 743 294 829 Quaero,
317 745 403 830 quod
426 745 467 810 ad
488 750 522 811 te
545 746 696 831 santam,
719 746 775 812 sed
797 745 880 811 mliii
903 753 964 812 est:
996 765 1074 812 car

73 834 157 899 dem
173 835 327 919 quotidie.
355 833 448 911 Quod
462 833 636 900 Lentulum
654 835 777 920 invisis,
798 835 892 900 valde
965 837 1048 900 tum:

73 943 205 1008 pucros
229 923 369 988 attribue
392 924 431 1006 ci,
453 926 533 1008 quot
555 927 588 988 at
611 945 692 1008 quos
714 923 883 990 videbitur.
947 921 1050 988 eSilii

72 1013 256 1076 voluntate
269 1011 429 1076 vendendi
443 1015 476 1076 ct
489 1011 528 1077 de
542 1033 590 1096 eo,
613 1011 735 1096 quanti,
757 1017 794 1076 tu
808 1011 911 1078 vereri
923 1011 1050 1096 videris,

72 1101 228 1184 primum
249 1121 291 1164 ne
313 1101 410 1183 nolit,
433 1099 548 1165 deiude
570 1122 612 1165 ne
633 1101 731 1165 tanti:
755 1098 847 1166 Sicca
869 1101 971 1182 aliter,
994 1099 1050 1165 sed

74 1189 144 1254 tibi
170 1189 345 1272 assentior-3
368 1209 476 1273 quare,
497 1193 535 1253 ut
553 1188 582 1253 ai
604 1189 735 1274 placuit,
758 1187 872 1274 scripsi
886 1187 927 1252 ad
941 1187 1050 1274 Egna-

74 1278 176 1342 tium.
216 1275 308 1354 Quod
332 1275 430 1343 Silius
452 1280 485 1342 tc
508 1297 581 1342 cum
605 1275 718 1343 Clodio
740 1277 831 1362 loqui
852 1277 935 1362 vult,
957 1280 1051 1362 potes

75 1366 113 1430 id
144 1387 222 1431 mea
248 1366 416 1431 voluntate
442 1365 547 1431 facere
580 1365 841 1450 commodiusque
868 1369 919 1430 cst
945 1387 1051 1450 quam,

78 1455 173 1538 quod
196 1455 253 1518 illa
276 1475 360 1519 ama
383 1454 474 1539 petit,
496 1476 547 1519 me
565 1453 672 1540 ipsum
687 1453 824 1519 scribere
839 1453 880 1520 ad
894 1451 1051 1520 Clodium.

77 1542 133 1608 Do
149 1543 322 1626 mancipiis
334 1540 541 1608 Castricianis
555 1541 850 1608 commodissimum
869 1563 938 1608 esse
957 1542 1051 1608 credo
1066 1560 1079 1599 ²

77 1632 270 1716 transigere
296 1629 489 1717 Egnatium,
520 1631 606 1716 quod
638 1631 750 1696 scribis
776 1636 810 1696 tc
838 1631 886 1696 ita
907 1630 1053 1696 futurum

81 1724 215 1805 putare.
268 1717 349 1784 Cum
380 1718 475 1805 Ovia,
505 1740 639 1805 quaeso,
670 1719 755 1804 vide,
786 1723 825 1784 ut
856 1719 1052 1785 conficiatur.

83 1807 263 1892 Quoniam,
283 1811 322 1873 ut
344 1808 466 1894 scribis,
489 1830 556 1874 nox
578 1813 656 1893 erat,
677 1809 713 1873 in
735 1808 893 1876 hodierna
915 1809 1054 1894 epistola

82 1899 185 1982 plura
210 1899 367 1982 exspecto.

517 2088 637 2156 xxxi.
726 2057 729 2068 ’

183 2211 243 2266 Scr.
261 2213 380 2268 Asturae
399 2212 517 2266 exeunte
535 2227 630 2266 mense
648 2209 751 2266 Martio
770 2225 795 2264 a.
813 2226 840 2264 u
860 2225 883 2264 c.
904 2214 964 2266 709.

363 2314 513 2372 CICERO
530 2315 682 2372 ATTICO
699 2314 783 2371 SAL.

158 2424 275 2492 Silium
313 2429 455 2492 mutasse
498 2425 693 2491 sententiam
732 2421 823 2489 Sicca
865 2421 1082 2488 mirabaturtr

88 2515 242 2601 equidem
263 2516 368 2601 magis
391 2514 500 2599 miror,
521 2513 618 2599 quod,
640 2534 741 2598 quum
753 2513 789 2577 in
808 2511 911 2578 filiurn
925 2533 1056 2578 causam

88 2603 269 2687 conferret,
300 2602 485 2688 quaemihi
507 2623 575 2668 non
597 2602 720 2666 iniusta
741 2601 868 2667 ridetur
890 2637 933 2648 -
956 2600 1057 2666 habet

88 2692 189 2775 enim,
212 2692 338 2776 qualern
357 2691 428 2756 vult
441 2725 493 2775 -·,
516 2690 564 2756 ais
587 2695 619 2755 tc
641 2693 766 2776 putare,
789 2690 817 2754 si
840 2689 1056 2756 addiderimus

87 2780 238 2864 †aliud,
269 2803 289 2844 a
316 2801 381 2864 quo
412 2779 568 2864 refugiat,
599 2799 698 2863 quum
730 2779 771 2844 ab
798 2779 870 2863 ipso
896 2779 931 2843 id
957 2777 1057 2842 fuerit

88 2869 304 2953 destinatum,
349 2867 563 2934 venditurum.
622 2866 757 2944 Quaeris
797 2887 819 2931 a
860 2887 924 2950 me,
970 2864 1083 2950 quod·

89 2979 256 3024 summum
286 2958 426 3041 pretium
448 2957 654 3028 ¹constituam
683 2961 716 3021 et
745 2958 902 3040 quantum
934 2953 1056 3018 anteire

89 3047 174 3110 istos
196 3045 309 3110 hortos
331 3045 444 3110 Drusi:
477 3045 597 3111 accessi
619 3066 811 3129 numquam3
834 3040 1058 3126 Coponianam

90 3135 205 3200 villam
227 3137 261 3199 ct
286 3137 428 3200 veterem
449 3138 479 3198 ct
503 3155 572 3200 non
598 3154 752 3219 magnam
779 3131 870 3216 novi,
901 3128 1058 3195 Silianam

91 3222 248 3307 nobilem,
269 3222 411 3288 fructum
434 3226 543 3287 autam
564 3223 721 3306 neutrius,
743 3219 828 3305 quod
844 3223 954 3285 tamen
976 3220 1057 3303 puto

165 3341 219 3413 Ep.
239 3348 283 3412 ³0,
302 3349 327 3398 1.
354 3348 380 3400 ct
397 3343 430 3398 dc
448 3358 486 3409 eo,
503 3359 528 3413 q.
547 3341 641 3414 vulgo.
661 3347 686 3397 ct
704 3341 750 3412 [dc
767 3340 819 3412 co]‚
835 3356 861 3410 q.
879 3338 954 3408 Em,
972 3337 1003 3392 Β.
1023 3365 1057 3379 -

92 3413 314 3484 ammcdiraqae
329 3414 361 3468 id
379 3419 418 3469 eat
437 3415 495 3484 (aa,
514 3414 578 3484 cl.)‘?
627 3412 680 3482 Ep.
699 3418 748 3482 31,
767 3418 792 3469 1.
827 3411 960 3478 addida*
978 3407 1058 3464 aliud

92 3485 170 3556 (W.).
189 3502 217 3540 a
236 3485 344 3555 utquid
362 3485 429 3554 (W.)
448 3485 498 3540 aut
515 3502 552 3551 u,
572 3483 645 3539 cited
664 3483 740 3553 (W.).
790 3485 814 3538 2.
846 3485 949 3551 uocato
962 3483 1058 3550 putam

92 3574 120 3612 o.
140 3555 188 3626 (W
190 3558 228 3625 .)?
247 3584 281 3596 ·-
300 3553 440 3611 Silianam
456 3555 518 3610 acb.
537 3555 584 3624 (W
586 3557 611 3626 .).
629 3555 728 3609 alcum
744 3569 773 3610 o.
793 3552 887 3625 vulgo.
