2484 3974
200 255 458 312 EPISTOLARUM
476 257 526 312 AD
545 256 709 312 ATTICUM
727 257 775 313 lX.
795 264 820 314 7.
919 257 985 323 315

486 471 524 536 B.
607 521 615 532 .

245 591 385 646 BALBUS
404 591 575 648 CICERONI
593 592 666 648 lMP.
686 591 761 648 SAL.

92 699 122 765 S.
144 723 174 764 v.
197 701 229 766 b.
251 721 275 766 e.
316 700 533 785 Posteaquam
555 701 680 766 litteras
703 723 888 767 communes
912 722 1012 768 cumr

36 786 128 872 Oppio
143 789 185 854 ad
199 793 233 854 te
250 788 331 872 dedi,
353 789 394 853 ab
409 786 546 855 Caesare
560 790 731 874 epistolam
755 791 872 876 accepi,
895 791 985 856 cuius

37 878 205 962 exemplum
232 877 293 942 tibi
320 877 406 961 misi,
439 899 477 942 ex
505 878 620 962 quibus
647 878 827 963 perspicere
855 878 986 963 poteris,

37 986 121 1048 quam
152 966 264 1050 cupiat
290 966 495 1031 concordiam
525 988 616 1032 suam
644 970 678 1031 et
703 966 849 1052 Pompeii
875 987 985 1032 recon·
1023 988 1028 992 ’

37 1054 132 1119 ciliane
160 1057 194 1118 et
221 1053 317 1138 qua'm
349 1057 492 1120 remotus
520 1055 562 1120 sit
589 1054 630 1120 ab
662 1056 751 1121 omni
783 1055 985 1138 crudelitate3

37 1142 112 1224 qood
134 1163 210 1206 eum
233 1143 365 1227 sentire,
387 1146 424 1207 ut
447 1143 564 1228 debeo,
586 1143 680 1208 valde
702 1144 836 1229 gaudeo.
881 1141 930 1208 De
953 1146 985 1207 tc

38 1233 64 1293 et
81 1234 138 1296 tua
160 1231 222 1296 fide
250 1234 283 1295 et
308 1230 428 1315 pietate
455 1231 540 1298 idem
568 1231 761 1317 mehercule,
793 1232 839 1297 mi
866 1229 987 1314 Cicero,

39 1319 144 1403 sentio,
166 1319 254 1404 quod
275 1322 322 1403 tu,
343 1341 411 1384 non
433 1340 528 1404 posse
542 1323 632 1386 tuam
645 1321 766 1386 famam
789 1324 822 1385 et
844 1319 987 1385 officium

41 1407 199 1490 sustinere,
221 1411 391 1472 utcontra
414 1429 487 1473 eum
510 1430 600 1472 arma
621 1409 716 1495 feras,
739 1431 835 1493 aquo
858 1411 987 1474 tantum

39 1494 219 1560 beneficium
250 1499 283 1560 te
315 1497 475 1581 accepisse
506 1496 679 1581 praedices.
725 1495 896 1562 Caesarem
924 1497 1012 1562 hoca

38 1582 113 1647 idem
146 1583 359 1667 probaturum
395 1585 597 1668 exploratum
631 1607 691 1669 pro
728 1586 885 1671 singulari
916 1585 985 1650 eius

39 1670 230 1738 humanitate
244 1672 359 1756 haheo,
375 1673 467 1757 eique
481 1674 731 1739 cumulatissime
746 1674 987 1739 satisfacturum

39 1762 168 1824 tecerte
192 1761 267 1845 scio,
290 1782 390 1844 quum
402 1762 526 1826 nullam
548 1766 673 1845 partem
686 1763 764 1828 belli
786 1765 900 1828 contra
914 1785 987 1828 eum

41 1848 185 1933 suscipias
206 1869 311 1933 neque
330 1849 435 1915 socius
449 1850 518 1914 eius
532 1849 722 1916 adversariis
736 1851 844 1916 inens.
878 1851 987 1936 Atque

41 1935 94 2000 hoc
114 1958 181 2002 non
195 1938 300 2002 solum
312 1937 348 2002 in
362 1941 404 2022 te,
426 1939 485 2002 tali
498 1941 532 2003 et
544 1941 637 2004 tanto
651 1941 730 2022 viro,
753 1940 832 2004 satis
845 1938 988 2022 habebit,

42 2025 206 2090 sedetiam
229 2025 309 2090 mihi
330 2025 399 2111 ipse
423 2049 481 2092 sua
503 2028 663 2092 concessit
684 2028 866 2112 voluntate,
888 2049 930 2091 ne
952 2027 988 2090 in

41 2112 74 2176 iis
95 2114 204 2178 castris
228 2135 345 2198 essem,
376 2137 457 2198 quac
485 2118 598 2180 contra
620 2114 794 2180 Lentulum
816 2119 872 2180 aut
893 2114 987 2178 Pom-

42 2201 138 2281 peium
173 2203 283 2267 futura
323 2206 444 2288 essent,
486 2225 622 2287 quorum
657 2202 812 2268 beneficia
848 2203 988 2266 maxima

42 2287 191 2370 haberem,
214 2289 338 2374 sibique
361 2292 440 2356 satis
455 2313 523 2356 esse
547 2291 636 2375 dixit,
658 2291 687 2356 si
708 2293 840 2376 togatus
863 2290 988 2356 urbana

42 2376 138 2442 officia
152 2379 215 2443 sibi
236 2379 479 2463 praestitissem,
501 2401 583 2464 quae
598 2381 695 2444 etiam
717 2379 790 2464 illis,
812 2379 842 2444 si
863 2380 988 2463 uellem,

42 2469 195 2545 praestare
217 2487 358 2551 possem3
380 2469 489 2552 itaque
511 2468 734 2537 nuncItomae
757 2468 867 2534 omnia
889 2487 987 2554 nego-

42 2552 82 2616 tia
110 2553 238 2620 Lentuli
270 2575 420 2640 procuro,
457 2557 600 2622 sustineo
636 2577 805 2642 meumque
838 2557 989 2641 officium,

43 2639 139 2727 fidem,
165 2643 321 2728 pietatem
343 2643 382 2708 iis
404 2648 543 2728 praesto.
589 2643 651 2710 Sed
674 2645 855 2711 mehercule
877 2667 988 2711 rursus

43 2727 99 2794 iam
128 2732 286 2796 abiectam
316 2733 560 2817 compositionis
588 2755 678 2817 spem
705 2755 772 2800 non
799 2735 988 2819 desperatis·

42 2816 146 2884 simam
177 2841 246 2886 esse
277 2823 371 2905 puto,
402 2821 556 2906 quoniam
582 2819 701 2886 Caesar
730 2826 780 2887 est
807 2843 844 2887 ea
871 2827 988 2902 mente,

43 2923 98 2986 qua
118 2912 230 2993 optare
253 2908 414 2974 debemus.
458 2908 530 2973 Hac
556 2930 590 2973 re
617 2911 697 2975 mihi
724 2912 842 2996 placet,
874 2911 902 2976 si
928 2910 989 2974 tibi

43 2993 169 3081 videtur,
200 3001 233 3062 te
262 2996 304 3061 ad
330 3019 403 3062 eum
431 2997 569 3062 scribere
597 3003 629 3062 et
655 2999 697 3062 ab
725 3021 762 3064 ao
794 2998 989 3082 praesidium

43 3086 147 3168 petere,
169 3089 207 3150 ut
228 3086 338 3170 petisti
353 3085 549 3170 aPompeio,
572 3107 622 3150 me
636 3087 765 3170 quidem
779 3085 989 3171 approbante,
1020 3141 1028 3152 .

43 3171 230 3256 temporibus
244 3173 445 3239 Milonianis:
468 3174 649 3258 praestabo,
672 3175 700 3240 si
715 3173 884 3239 Caesarem
906 3173 989 3239 bene

103 3381 151 3452 Ep.
162 3383 202 3451 Β,,
216 3390 238 3437 1.
258 3381 430 3438 sacacium
443 3399 522 3438 suom
539 3387 565 3437 et
580 3383 706 3450 Pompeii
724 3382 770 3450 (W
772 3384 797 3452 .).
817 3397 839 3436 e.
858 3387 890 3436 ot
908 3381 989 3436 Pom·

43 3449 81 3512 pei
95 3451 151 3508 nr.
177 3470 198 3508 c.
214 3458 239 3508 et
253 3453 414 3522 Pompeiam
431 3453 491 3520 Ma,
509 3453 570 3521 RI,
588 3453 683 3522 vulgo.
720 3459 744 3508 2.
770 3457 838 3506 certe
853 3452 909 3508 scio
927 3453 989 3520 (va,

44 3515 135 3590 Mlti).
167 3529 237 3578 certo
255 3539 276 3578 a
295 3541 331 3578 m.
351 3524 432 3596 conj,
451 3523 481 3580 B.
514 3553 548 3566 -
575 3523 673 3594 petisti
691 3523 731 3592 (1,
750 3523 854 3594 vulgo).
882 3523 999 3594 petiisti,

44 3585 124 3647 MRB.
151 3597 194 3648 An
208 3593 352 3663 petivisti?
