2590 3964
248 234 313 298 114
531 233 569 287 11.
588 231 712 286 TULLII
730 230 921 286 CICERONIS

246 382 364 462 motus,
376 377 464 462 quod
476 377 533 442 illa
545 378 618 461 ipsa
631 397 705 462 spes
719 377 844 462 exigua,
857 397 939 460 quac
951 379 1031 459 erat,
1043 375 1216 440 videretur

246 487 317 531 esse
340 466 482 549 sublata3
505 487 598 548 nam,
625 466 653 529 si
674 465 798 529 tribuni
824 465 867 548 pl
889 464 985 530 nobis
1009 469 1214 547 suscensent,

247 576 330 640 quae
352 557 460 640 potest
478 575 552 638 spes
571 553 663 618 esse?
686 575 723 617 ac
745 552 897 617 videntur
917 552 988 618 iure
1010 573 1214 635 suscensere,

248 664 348 727 quum
371 646 405 707 et
425 646 571 726 expertes
593 641 720 708 consilii
741 641 864 706 fuerint
884 642 906 720 †
929 644 975 724 et,
997 641 1053 725 qui
1076 661 1213 705 causam

247 734 395 796 nostram
417 734 638 816 susceperant,
660 733 694 794 et
715 732 824 795 restra
846 729 1053 795 concessione
1076 750 1213 794 omnem
1272 793 1273 804 ,

247 819 314 884 vim
336 818 388 884 sui
409 819 488 884 iuris
511 818 687 902 amiserint,
708 819 898 904 praesertim
912 840 1013 902 quum
1027 817 1074 882 ita
1087 817 1213 900 dicant,

249 929 283 974 se
304 912 419 974 nostra
441 929 538 972 causa
564 906 704 973 voluisse
732 928 825 970 suem
851 910 1046 993 potestatem
1074 927 1148 970 esse
1173 905 1212 969 de
1273 930 1274 974 l

248 996 435 1062 consulibus
453 995 617 1078 ornandis,
638 1017 708 1060 non
729 999 767 1060 ut
789 1017 844 1060 eos
865 994 1068 1079 impedirent,
1091 994 1153 1058 sed
1176 998 1214 1056 ut

248 1085 291 1151 ad
312 1089 459 1150 nostram
481 1106 612 1150 causmn
634 1084 861 1170 adiungerent:
888 1105 985 1164 nunc,
1007 1083 1036 1146 si
1058 1082 1212 1148 consules
1273 1097 1274 1112 ³

249 1174 377 1239 anobis
390 1174 560 1238 alieniores
573 1195 651 1248 ‚esse
668 1173 779 1256 velint,
799 1193 896 1256 posse
910 1171 945 1237 id
962 1171 1061 1236 libere
1083 1170 1212 1252 facere3

250 1261 301 1326 sin
323 1261 426 1327 velint
447 1264 561 1326 nostra
574 1283 680 1345 causa,
701 1261 785 1326 nihil
807 1282 903 1345 posse
917 1281 952 1324 sc
965 1260 1084 1324 invitis.
1111 1257 1211 1341 Nam,
1261 1280 1275 1338 c

249 1349 336 1433 quod
359 1348 481 1433 scribis,
502 1349 598 1413 niita
620 1350 712 1415 vobis
734 1349 918 1435 placuisset,
939 1349 1014 1413 illos
1035 1347 1098 1414 hoc
1122 1347 1211 1412 idem
1274 1351 1275 1428 l

248 1459 308 1522 per
329 1438 486 1522 populum
508 1441 712 1504 assecuturos
734 1438 844 1522 fnisse,
866 1437 978 1502 inritis
1000 1436 1144 1501 tribunis
1167 1435 1209 1520 pl.

248 1525 320 1590 fieri
342 1526 432 1591 nullo
454 1526 551 1591 modo
574 1525 691 1610 potuit
735 1524 787 1591 Ita
813 1547 937 1610 vereor,
968 1547 1010 1590 ne
1040 1528 1073 1588 et
1099 1523 1210 1588 studia

248 1614 454 1680 tribunorum
477 1614 677 1679 amiserimus
701 1617 747 1700 et,
769 1615 797 1690 si
819 1614 927 1679 studia
947 1616 1115 1698 maneant,
1140 1613 1209 1678 vin-
1275 1630 1276 1698 l

250 1702 336 1768 olum
366 1702 447 1768 illud
473 1702 751 1788 adiungendorum
777 1703 947 1768 consulum
973 1702 1129 1767 ammaum
1158 1701 1209 1765 sit
1275 1703 1276 1720 ¹

222 1802 237 1844 ¹
250 1789 385 1856 Accedit
398 1790 484 1857 aliud
499 1812 567 1856 non
579 1813 716 1876 parvum
728 1790 978 1874 incommodum,
998 1790 1085 1874 quod
1098 1789 1209 1874 gravis

249 1878 307 1944 illa
329 1879 449 1964 opinio,
472 1883 509 1944 ut
522 1879 651 1964 quidem
665 1879 707 1946 ad
720 1901 781 1946 nos
803 1879 1034 1964 perferebatur,
1056 1882 1208 1944 senatum

250 1967 332 2034 nihil
364 1967 549 2052 decernere,
581 1970 755 2051 antequam
785 1968 825 2032 de
854 1966 951 2033 nobis
977 1971 1086 2032 actum
1113 1970 1208 2048 esset,
1276 1978 1277 2044 l

251 2055 370 2122 amissa
392 2060 451 2142 est,
472 2056 662 2142 praesertim
684 2056 720 2120 in
733 2078 772 2120 ea
794 2077 900 2140 causa,
922 2077 1004 2140 quae
1018 2077 1087 2121 non
1108 2055 1206 2120 modo

251 2145 432 2212 necessaria
454 2167 522 2212 non
544 2145 616 2229 fuit,
638 2144 694 2208 sed
716 2145 814 2209 etiam
836 2143 994 2209 inusitata
1007 2165 1044 2208 ac
1062 2164 1150 2209 nova
1164 2179 1206 2190 -

251 2255 355 2318 neque
378 2233 465 2300 enim
487 2255 641 2319 umquam
663 2233 802 2298 arbitror
824 2235 956 2298 ornatas
979 2253 1048 2296 esse
1077 2233 1206 2315 provin·

251 2322 317 2388 cias
340 2321 584 2408 designatorum
606 2358 663 2406 -,
694 2324 744 2405 ut,
775 2343 875 2406 quum
900 2322 936 2384 in
963 2320 1024 2386 hoc
1052 2320 1109 2383 illa
1132 2341 1207 2385 con·

252 2410 385 2492 stantia,
417 2432 499 2493 quae
531 2413 600 2475 eret
626 2431 698 2475 mea
720 2431 818 2474 causa
844 2411 1005 2493 suscepta,
1035 2409 1208 2474 imminuta

251 2497 307 2580 sit,
341 2495 424 2561 nihil
450 2497 515 2560 ium
545 2498 650 2581 possit
680 2518 749 2563 non
780 2497 914 2563 decerni.
961 2497 1022 2583 Iis,
1053 2496 1094 2561 ed
1126 2518 1207 2581 quos

250 2585 389 2648 relatum
411 2588 473 2667 est,
505 2585 615 2649 amicis
637 2585 796 2669 placuisse
819 2607 887 2651 non
908 2586 1026 2650 mirum
1048 2588 1111 2667 est,
1138 2590 1208 2650 erat

251 2671 338 2736 enim
360 2670 489 2736 difficile
516 2673 670 2758 reperire,
702 2674 757 2757 qui
784 2677 896 2741 contre
922 2678 1016 2739 tanta
1038 2674 1207 2740 commoda

250 2760 388 2825 duorum
410 2761 580 2826 consulum
605 2761 714 2846 palam
741 2763 936 2827 sententiam
958 2763 1086 2827 diceret
1132 2761 1208 2827 Fuit

251 2849 383 2914 omnino
406 2848 536 2914 difficile
558 2871 627 2915 non
650 2850 783 2936 obsequi
801 2851 852 2917 vel
868 2852 1060 2916 amicissimo
1082 2850 1207 2915 homini

250 2937 390 3003 Lentulo
416 2938 468 3002 rel
490 2937 636 3022 Metello,
667 2939 723 3024 qui
754 2940 951 3005 simultatem
976 2939 1207 3005 humanissime

250 3026 440 3111 deponeret3
470 3026 526 3092 sed
557 3047 682 3111 vereor,
711 3049 754 3092 ne
784 3028 846 3094 hos
876 3032 987 3093 tamen
1015 3031 1124 3093 tenere
1152 3051 1207 3112 po·

249 3117 415 3199 tuerimus,
436 3114 585 3180 tribunos
607 3115 650 3199 pl.
673 3117 882 3182 amiserimus
918 3115 1007 3180 Haec
1029 3137 1080 3182 res
1099 3137 1207 3200 quem-

248 3203 424 3298 admodum
446 3203 596 3269 cecidcrit
618 3208 651 3267 et
676 3209 747 3269 tota
768 3227 820 3270 res
842 3227 907 3290 quo
929 3205 1001 3270 loco
1024 3205 1080 3290 sit,
1111 3206 1207 3271 selim

320 3429 371 3501 n-
391 3437 439 3499 n,
458 3439 481 3487 1.
509 3435 585 3498 τοι,
601 3433 651 3502 ιιι·
673 3431 777 3501 (ιιι,
798 3433 887 3505 ιιι,
906 3435 966 3503 ιι).
994 3434 1014 3500 f·
1035 3434 1076 3498 ιε,
1093 3449 1119 3504 r.
1139 3433 1205 3503 ιιι.)

249 3501 622 3641 succuum·
715 3503 746 3559 Β·
766 3532 800 3544 -
818 3509 912 3572 m
929 3520 999 3574 ιι
1012 3509 1072 3560 ιι
1090 3505 1206 3572 ue>-
