2590 3964
210 211 469 270 EPISTOLARUH
487 213 537 270 Ao
555 213 720 272 Annccn
738 215 786 272 III.
807 222 919 272 15-17.
980 217 1045 282 105

84 357 160 440 orii,
188 355 338 442 Epirum,
360 359 389 422 si
411 359 532 444 minus,
560 357 710 445 Cyzicum
733 365 790 425 aui
812 360 899 426 aliud
923 361 1044 445 aliquid

86 467 264 529 squamae
308 446 397 511 Tuae
421 447 550 531 quidam
572 449 708 531 litterae,
731 470 795 534 quo
818 450 945 534 saepius
959 471 979 513 a
992 471 1045 515 me

85 534 254 618 lqunian,
283 534 347 600 hoc
375 557 466 620 spem
490 536 618 601 iaciunt
642 537 724 602 mihi
755 538 926 620 minorem,
958 539 1045 622 quod

87 643 186 704 quum
207 624 313 687 lactas
331 627 417 707 sunl,
439 628 510 689 ium
522 625 565 709 id,
588 626 674 709 quod
689 627 868 690 aliulcmni
880 627 922 690 ad
945 647 1045 712 spem,

86 710 264 795 infirmant,
286 715 325 775 al
345 712 441 776 facile
464 717 674 797 appareatis
697 717 731 779 et
753 715 966 780 consolationi
981 737 1044 780 ser·

86 799 151 863 rire
180 803 214 864 ei
242 800 385 884 varilaii3
415 801 526 885 iisque
552 804 585 866 lc
606 821 688 888 rogo
716 803 826 886 plane,
856 805 895 866 ut
917 804 958 866 ad
984 825 1046 886 me,

88 907 168 970 quac
191 889 288 971 scies,
315 893 355 952 ut
376 892 485 972 erunt,
512 909 593 974 quaa
616 890 760 976 putabis,
782 891 830 955 ito
852 890 987 975 scribas,
1008 897 1047 957 ut

87 975 223 1056 putabis.
259 973 348 1042 Data
369 993 427 1042 nu.
449 976 522 1041 Kal.

518 1187 622 1254 XVII.

130 1306 189 1362 Sor.
208 1307 426 1364 Thessalonicae
444 1327 486 1380 pr.
505 1310 601 1364 Nonas
620 1309 798 1379 Septembres
816 1327 841 1364 a.
861 1327 888 1364 n.
906 1325 930 1364 c.
950 1316 1009 1365 696.

379 1414 509 1471 CICERO
527 1414 661 1470 ATTICO
681 1415 756 1470 SAL.

151 1519 203 1586 De
227 1521 348 1598 Quinto
376 1523 477 1589 fratre
500 1525 607 1588 nuntii
635 1525 729 1589 nobis
752 1525 861 1590 tristes
883 1544 943 1588 nec
965 1524 1073 1588 varii¹

86 1613 245 1676 venerant
276 1633 316 1676 ex
343 1615 419 1677 anie
451 1612 536 1677 diein
560 1612 632 1676 ΙΙΙ.
659 1611 745 1678 Non.
772 1611 843 1678 Iun.
873 1633 973 1696 usque
1004 1611 1047 1676 ad

87 1698 166 1782 prid.
190 1695 265 1764 Kal.
289 1694 389 1785 Sepla
412 1721 450 1766 eo
474 1704 583 1765 autem
605 1701 656 1765 dic
674 1700 847 1786 Livineius,
870 1699 906 1765 L.
927 1700 1048 1786 Regali

87 1787 237 1870 libertus,
260 1788 301 1852 ad
324 1809 376 1852 me
399 1811 419 1852 a
441 1787 567 1874 Regulo
590 1790 708 1854 missus
730 1790 831 1854 venii:
863 1789 891 1854 is
915 1789 1047 1854 omnino

88 1876 287 1940 mentionem
309 1877 433 1941 nullam
455 1877 576 1941 faciam
589 1899 659 1942 esse
675 1877 847 1962 nuntiavit,
870 1876 925 1942 sed
947 1877 1048 1942 fuisso

87 1967 198 2029 lamen
223 1985 404 2030 sermonem
427 1965 466 2030 de
489 1961 524 2030 O.
539 1963 642 2031 Clodii
664 1966 742 2050 filio,
763 1967 854 2050 isque
876 1965 957 2030 mihi
977 1969 1047 2029 tum

89 2051 237 2118 afrairc
263 2054 389 2118 litteras
417 2053 528 2118 attunt
554 2054 645 2138 ***,
677 2054 733 2120 sed
764 2053 919 2139 postridie
952 2051 1049 2118 Sestii

90 2141 180 2224 pnari
212 2145 386 2226 venerunt,
417 2141 473 2226 qui
499 2163 520 2206 a
544 2145 578 2206 tc
608 2143 733 2208 litteras
766 2143 946 2206 attulerunt
980 2160 1049 2206 non

90 2233 156 2294 lam
175 2230 359 2314 exploratas
373 2252 393 2294 a
406 2229 531 2313 timore,
553 2253 650 2314 quam
664 2252 768 2295 sermo
782 2228 920 2294 Livineii
933 2228 1048 2293 fuerat.

93 2315 175 2382 Sane
203 2339 276 2382 sum
299 2318 335 2382 in
357 2339 429 2384 meo
452 2319 579 2383 infinito
602 2340 747 2384 maerore
775 2317 931 2383 sollicitus
954 2319 988 2381 ci
1010 2337 1048 2381 ao

92 2407 208 2492 magis,
241 2405 328 2490 quod
350 2405 450 2491 Appii
473 2407 618 2490 quaestio
641 2411 700 2472 esi.
743 2404 871 2491 Cetera,
903 2426 985 2490 quac
1008 2405 1076 2470 ad²

93 2516 141 2560 mc
164 2493 286 2559 eisdem
308 2492 424 2559 litteris
452 2495 565 2559 scribis
593 2494 632 2560 de
659 2499 772 2561 nostra
799 2514 869 2581 spe,
900 2493 1048 2580 intelligo

95 2603 160 2647 csse
182 2581 402 2668 languidiora,
429 2604 526 2667 quam
549 2583 604 2648 alii
627 2583 816 2667 ostenduni3
848 2603 909 2669 ego
933 2586 1050 2667 autem,

96 2671 245 2754 quoniam
274 2693 343 2735 non
369 2671 466 2756 longe
499 2671 540 2735 ab
572 2693 610 2736 cc
642 2675 786 2756 tempore
815 2671 984 2756 absumus,
1014 2671 1050 2736 in

96 2780 156 2842 quo
178 2780 231 2823 res
253 2758 494 2842 diiudicabitur,
526 2759 650 2824 autad
676 2763 708 2825 te
732 2759 897 2825 conferam
919 2780 970 2824 mc
993 2763 1052 2825 aui

162 2983 213 3054 Ep.
235 2991 276 3040 16.
295 2986 376 3040 aliua
393 2986 501 3056 aliquid
515 2985 591 3055 (W.).
609 2987 695 3041 'aliud
707 2987 774 3057 quid
789 2986 873 3057 vulgo
893 2984 952 3052 (aad
966 2999 1052 3053 supra

97 3057 158 3125 posi
173 3072 242 3110 acm
260 3057 315 3110 hnc
329 3055 485 3111 aberrando
499 3055 584 3126 vulgo
599 3057 727 3112 additum
741 3059 802 3112 erat
819 3074 845 3111 a.
861 3054 976 3124 aliquid,
994 3069 1051 3107 non

98 3127 781 3268 ialir‘Jadi'(v}1}iii“itiiiiiait⁰ii⁰mi{'ci⁰'-¹imoia
796 3125 874 3265 iiii?
888 3125 1050 3262 isiciis

99 3295 130 3306 -
143 3285 180 3336 p.‚
197 3269 241 3321 ito
256 3282 289 3333 a,
306 3272 339 3321 ut
351 3269 475 3336 potabis.
493 3267 531 3322 D.
555 3269 634 3336 (Zia).
653 3268 713 3324 Orn.
745 3272 778 3322 at
800 3283 830 3336 p.
854 3263 948 3332 Mill,
971 3260 1051 3330 On„

100 3337 146 3392 acl.
159 3355 198 3406 p..
217 3342 250 3392 ut
262 3339 387 3406 palacia,
405 3340 447 3393 ita
464 3353 485 3392 a.
504 3338 542 3392 D.
561 3337 653 3393 Klotz.
672 3339 754 3408 conj„
771 3337 802 3390 Β.
838 3334 890 3405 Ep.
906 3340 948 3402 17,
964 3339 988 3388 1.
1006 3332 1051 3399 L„

99 3407 129 3460 L.
145 3407 245 3478 Rapidi
269 3411 329 3476 (m.;
358 3409 403 3475 L,
429 3410 473 3463 M.
491 3407 528 3463 R.
551 3408 602 3476 M.;
629 3409 663 3462 L.
688 3411 720 3462 in
736 3406 772 3461 R.
791 3405 843 3460 ΕΙ.
870 3403 904 3458 L.
923 3405 935 3459 a·
952 3402 988 3460 R.
1007 3404 1050 3459 cd.

100 3477 220 3549 Bassa).
249 3475 294 3544 L,
311 3477 347 3533 R.
366 3493 400 3547 c,
423 3479 454 3535 B.
483 3509 515 3519 -
544 3481 639 3534 attulit
656 3480 731 3546 ***,
748 3477 795 3532 aad
818 3475 893 3545 (Ἦ).
913 3479 972 3544 ota,
990 3492 1009 3530 a
1026 3479 1052 3528 te

100 3549 184 3604 nauca
201 3549 305 3617 caralit,
319 3550 369 3605 aad
387 3549 436 3619 (l).
461 3553 509 3604 all.
528 3549 583 3606 Sed
600 3550 694 3619 vulgo.
