2594 3976
256 255 321 320 532
541 257 577 313 M.
597 255 720 311 TULLII
738 253 927 312 CICERONIS

256 399 383 485 Caesar,
406 423 505 486 quum
528 401 569 466 ad
590 421 663 467 eum
676 405 844 488 aegrotum
857 401 1031 486 Neapolim
1043 403 1211 488 venissem,

256 511 451 574 quamquam
470 493 543 573 erai¹
553 509 725 576 oppressus
748 491 849 556 hotius
872 492 1015 576 eorporis
1038 491 1212 575 doloribus,

255 582 374 663 tamen,
398 582 571 663 antequam
594 601 645 644 me
667 580 764 664 plane
778 580 939 664 salutavit,
961 601 1000 664 „o
1014 581 1060 644 nai
1074 578 1212 663 (lioero,“

255 668 370 752 inquii,
391 668 557 753 „gratulor
578 668 647 752 libi,
670 690 769 752 quum
791 670 920 733 lauhun
941 669 1029 733 valea
1048 669 1136 752 apud
1149 669 1211 734 Do·

255 756 415 840 labellam,
438 761 594 840 quantum
618 756 728 842 siege
752 756 837 841 apud
861 757 980 821 sororis
1003 757 1107 822 filium
1131 758 1212 822 vale·

255 865 332 928 rem,
354 845 420 909 iam
443 845 524 910 salvi
546 866 616 910 esse
638 867 822 929 possemus3
844 844 1032 912 Dolabellae
1056 867 1134 911 vero
1156 850 1211 911 luo

255 933 460 1018 etgralulor
488 936 521 997 ei
548 933 669 1019 gratias
693 954 768 1019 ago,
801 955 896 1018 quem
923 935 1052 1018 quidem
1079 938 1156 1020 posi
1181 939 1212 999 ie

255 1023 420 1086 consulem
452 1021 556 1086 solum
584 1042 756 1106 possumus
783 1041 857 1088 vere
885 1023 1050 1088 consulem
1079 1022 1213 1106 dicere;“

256 1110 369 1174 deinde
402 1111 504 1175 mulla
531 1111 570 1175 de
596 1109 684 1176 facto
712 1131 749 1175 ae
777 1111 817 1176 de
843 1133 878 1176 re
906 1115 998 1198 geste
1027 1115 1099 1176 tua.
1132 1111 1212 1176 nihil

255 1199 527 1284 magnificentium
561 1199 644 1264 nihil
675 1200 870 1284 praeclarius
906 1205 1014 1265 aetum
1050 1221 1212 1285 umquem,

254 1288 337 1352 nihil
362 1289 410 1352 rei
436 1288 583 1372 publicae
610 1288 796 1372 salutarium
828 1293 924 1374 atque
950 1289 1031 1354 haee
1059 1311 1126 1354 una
1153 1311 1212 1354 vox

228 1377 400 1441 *omnium
423 1380 480 1441 esi.
525 1375 557 1440 A·
578 1380 611 1442 le
635 1381 743 1442 aulem
765 1382 857 1462 peto,
879 1379 917 1442 ιιι
938 1399 989 1442 me
1011 1378 1099 1443 hano
1123 1379 1212 1464 quasi

255 1465 372 1530 falsam
401 1464 613 1530 hereditatem
645 1465 769 1531 alienae
805 1465 927 1552 gloriae
964 1467 1050 1533 sinas
1084 1487 1212 1531 eernere

255 1575 369 1637 meque
396 1555 503 1638 aliqua
531 1575 570 1619 ex
596 1558 688 1639 parte
715 1555 750 1619 in
779 1555 963 1620 societatem
993 1559 1125 1620 tuarum
1147 1556 1212 1620 lau-

256 1641 332 1706 dum
354 1643 463 1707 venire
485 1643 617 1726 patiare.
663 1641 878 1729 Quamquam,
900 1645 945 1708 mi
966 1643 1148 1728 Dolabella,
1171 1681 1212 1692 -·-

255 1730 335 1794 haee
367 1731 453 1794 enim
484 1732 608 1797 iocatus
636 1753 707 1796 sum
729 1731 947 1797 -libentius
975 1753 1087 1798 omnes
1117 1754 1212 1814 meae,

256 1819 284 1882 ei
305 1819 401 1884 modo
426 1823 502 1884 sunt
525 1821 650 1904 aliquae
674 1839 776 1904 meae,
802 1821 913 1886 laudes
942 1821 982 1885 ad
1008 1825 1042 1886 he
1071 1821 1212 1887 translu-

256 1907 371 1992 derim,
403 1929 499 1992 quam
527 1907 668 1993 aliquam
695 1913 820 1994 partem
847 1909 1049 1974 exhauserim
1071 1931 1111 1974 ex
1134 1911 1213 1992 huis,

255 2015 345 2082 nam,
373 2019 472 2080 quum
493 1999 526 2062 he
549 2019 675 2082 semper
694 2001 825 2083 ionium
848 1998 1026 2082 dilexerim,
1055 2003 1213 2083 quantum

255 2088 293 2150 ιιι
314 2086 495 2171 intelligere
523 2086 672 2172 poluisli,
702 2091 773 2150 'aum
799 2085 850 2151 hia
877 2087 943 2152 huis
968 2085 1064 2152 faoiis
1093 2088 1140 2152 aie
1167 2087 1213 2152 in·

256 2193 371 2239 census
394 2195 479 2259 aum,
510 2176 548 2239 ιιι
573 2175 656 2240 nihil
678 2195 831 2259 umquam
853 2175 888 2241 in
912 2195 1019 2242 amore
1042 2175 1144 2240 suerii
1166 2197 1212 2240 ar-

257 2263 399 2345 dentius,
421 2262 503 2327 nihil
518 2266 567 2328 est
580 2265 675 2348 enim,
688 2263 769 2328 mihi
783 2264 1015 2348 credentium
1029 2264 1213 2348 formosius,

229 2351 339 2416 finihil
360 2351 534 2435 pulchrius,
556 2351 638 2416 nihil
661 2350 840 2418 amabilius.
884 2349 1016 2437 Semper
1038 2353 1155 2436 amavi,
1178 2358 1213 2418 ul

257 2440 332 2522 sois,
368 2439 412 2503 M.
434 2439 572 2504 Brutum
598 2444 731 2525 propter
758 2441 826 2506 eius
854 2462 1014 2506 summum
1036 2441 1213 2528 ingenium,

257 2528 463 2593 suavissimos
499 2549 617 2612 mores,
653 2530 850 2616 singularem
885 2529 1079 2613 probitatem
1116 2535 1212 2632 alque

256 2616 486 2680 oonstaniiam:
513 2620 624 2681 tamen
646 2616 756 2683 Idibus
779 2617 942 2682 Martiisi
927 2621 986 2684 ian
986 2622 1056 2683 ium
1079 2619 1213 2684 accessit

256 2703 298 2769 ad
321 2725 472 2788 amorem,
494 2708 532 2770 ιιι
544 2725 678 2770 mirarer
699 2707 806 2772 loeum
827 2705 927 2772 fuisse
945 2707 1118 2794 augendi
1108 2729 1145 2772 111
1168 2729 1213 2789 eo,

256 2793 343 2876 quod
365 2792 446 2857 mihi
467 2793 656 2896 iampridem
684 2795 882 2860 cumulatum
911 2796 1009 2860 eiiam
1035 2757 1213 2861 ιιᾶειιιιιιιιι.

257 2881 336 2960 Quis
359 2884 428 2946 aral
428 2883 514 2966 ,qui
536 2886 666 2966 patarei
651 2883 729 2948 iad
752 2905 825 2948 eum
843 2903 995 2969 amorem,
1017 2906 1113 2968 quem
1136 2905 1212 2970 erga

255 2973 288 3034 ie
315 2971 488 3054 habebam,
519 2991 613 3054 posse
645 2971 765 3056 aliquid
798 2972 969 3037 accedere?
1004 2976 1132 3038 lantum
1163 2993 1211 3036 ao·

257 3059 366 3143 eeasih,
396 3063 434 3126 ιιι
460 3059 540 3124 mihi
566 3079 653 3124 nune
681 3059 817 3146 denique
849 3081 956 3126 amare
983 3061 1106 3145 videar,
1137 3064 1210 3125 anie

230 3147 414 3213 adilexisse.
459 3146 564 3224 Quare
588 3149 664 3232 quid
688 3151 751 3233 esi,
783 3148 869 3234 quod
892 3169 952 3235 ego
975 3153 1008 3214 ie
1030 3149 1154 3233 horler,
1176 3151 1210 3213 ιιι

257 3235 411 3321 dignihafi
431 3238 465 3301 οι
493 3237 614 3322 gloriae
638 3236 780 3302 serviae?
815 3257 995 3322 proponam
1021 3237 1082 3302 eibi
1108 3237 1208 3303 eleros

327 3461 379 3530 Ep.
400 3467 441 3516 17.
460 3462 502 3528 Α.,
522 3469 546 3516 3.
579 3464 639 3530 eibi,
656 3464 855 3534 qaodtoalum
882 3465 937 3534 (W.
956 3465 1034 3521 eea.
1053 3463 1207 3536 cohil?-

258 3479 402 3585 deiodepm
422 3531 461 3599 (f,
475 3532 515 3599 1.)
534 3535 646 3588 ιιιιιιιιι
665 3535 731 3589 MR
734 3535 903 3605 ,.·-·vulgo
920 3539 1073 3606 acetum:
1090 3553 1117 3592 ιι
1136 3533 1207 3606 (W.)

257 3611 298 3664 9.;
316 3600 466 3668 lumawf
485 3602 568 3657 MRI.
570 3604 690 3675 ,vulgo
