<?xml version="1.0" encoding="UTF-8"?>
<!DOCTYPE html PUBLIC "-//W3C//DTD XHTML 1.0 Transitional//EN"
    "http://www.w3.org/TR/xhtml1/DTD/xhtml1-transitional.dtd">
<html xmlns="http://www.w3.org/1999/xhtml" xml:lang="en" lang="en">
 <head>
  <title>
</title>
<meta http-equiv="Content-Type" content="text/html;charset=utf-8" />
  <meta name='ocr-system' content='tesseract 3.04.00' />
  <meta name='ocr-capabilities' content='ocr_page ocr_carea ocr_par ocr_line ocrx_word'/>
</head>
<body>
  <div class='ocr_page' id='page_1' title='image "./epistolae01wesegoog_0089.png"; bbox 0 0 2590 3964; ppageno 0'>
   <div class='ocr_carea' id='block_1_1' title="bbox 246 233 1039 300">
    <p class='ocr_par' dir='ltr' id='par_1_1' title="bbox 246 233 1039 300">
     <span class='ocr_line' id='line_1_1' title="bbox 246 233 1039 300; baseline 0.016 -12"><span class='ocrx_word' id='word_1_1' title='bbox 246 233 511 292; x_wconf 62' lang='lat' dir='ltr'>EPISTOLARUM</span> <span class='ocrx_word' id='word_1_2' title='bbox 528 235 578 290; x_wconf 73' lang='lat' dir='ltr'>AD</span> <span class='ocrx_word' id='word_1_3' title='bbox 596 235 762 296; x_wconf 71' lang='lat' dir='ltr'><strong>ATTIOUM</strong></span> <span class='ocrx_word' id='word_1_4' title='bbox 781 237 814 292; x_wconf 87' lang='grc' dir='ltr'>Π.</span> <span class='ocrx_word' id='word_1_5' title='bbox 834 242 876 291; x_wconf 81' lang='lat'>21.</span> <span class='ocrx_word' id='word_1_6' title='bbox 999 237 1039 300; x_wconf 83' lang='grc'>79</span> 
     </span>
    </p>
   </div>
   <div class='ocr_carea' id='block_1_2' title="bbox 3 378 1069 3277">
    <p class='ocr_par' dir='ltr' id='par_1_2' title="bbox 3 378 1069 3277">
     <span class='ocr_line' id='line_1_2' title="bbox 87 378 1042 467; baseline 0.006 -25"><span class='ocrx_word' id='word_1_7' title='bbox 87 378 247 442; x_wconf 76' lang='lat' dir='ltr'>deciderat</span> <span class='ocrx_word' id='word_1_8' title='bbox 270 401 307 443; x_wconf 85' lang='lat' dir='ltr'>ex</span> <span class='ocrx_word' id='word_1_9' title='bbox 330 379 440 464; x_wconf 76' lang='lat' dir='ltr'>astris,</span> <span class='ocrx_word' id='word_1_10' title='bbox 467 380 577 464; x_wconf 67' lang='lat' dir='ltr'>lapsus</span> <span class='ocrx_word' id='word_1_11' title='bbox 600 403 697 466; x_wconf 83' lang='lat' dir='ltr'>quam</span> <span class='ocrx_word' id='word_1_12' title='bbox 719 403 909 467; x_wconf 78' lang='lat' dir='ltr'>progressus</span> <span class='ocrx_word' id='word_1_13' title='bbox 931 382 1042 466; x_wconf 75' lang='lat' dir='ltr'>potius</span> 
     </span>
     <span class='ocr_line' id='line_1_3' title="bbox 86 465 1041 553; baseline 0.009 -24"><span class='ocrx_word' id='word_1_14' title='bbox 86 466 268 552; x_wconf 75' lang='lat' dir='ltr'>videbatur,</span> <span class='ocrx_word' id='word_1_15' title='bbox 299 469 345 551; x_wconf 90' lang='lat' dir='ltr'>et,</span> <span class='ocrx_word' id='word_1_16' title='bbox 376 470 420 546; x_wconf 75' lang='lat' dir='ltr'>ut</span> <span class='ocrx_word' id='word_1_17' title='bbox 434 465 580 552; x_wconf 82' lang='lat' dir='ltr'>Apelles,</span> <span class='ocrx_word' id='word_1_18' title='bbox 604 469 632 536; x_wconf 83' lang='lat' dir='ltr'>oi</span> <span class='ocrx_word' id='word_1_19' title='bbox 654 469 828 553; x_wconf 75' lang='lat' dir='ltr'>Venerem,</span> <span class='ocrx_word' id='word_1_20' title='bbox 850 472 908 536; x_wconf 85' lang='lat' dir='ltr'>aut</span> <span class='ocrx_word' id='word_1_21' title='bbox 928 469 1041 538; x_wconf 84' lang='lat' dir='ltr'>Proto·</span> 
     </span>
     <span class='ocr_line' id='line_1_4' title="bbox 3 551 1042 648; baseline 0.006 -30"><span class='ocrx_word' id='word_1_22' title='bbox 3 617 4 648; x_wconf 53' lang='lat'>,</span> <span class='ocrx_word' id='word_1_23' title='bbox 87 575 194 640; x_wconf 83' lang='lat' dir='ltr'>genes,</span> <span class='ocrx_word' id='word_1_24' title='bbox 216 551 401 639; x_wconf 78' lang='lat' dir='ltr'>silalysum</span> <span class='ocrx_word' id='word_1_25' title='bbox 413 555 505 636; x_wconf 90' lang='lat' dir='ltr'>illum</span> <span class='ocrx_word' id='word_1_26' title='bbox 520 577 613 623; x_wconf 84' lang='lat' dir='ltr'>suum</span> <span class='ocrx_word' id='word_1_27' title='bbox 627 579 727 624; x_wconf 84' lang='lat' dir='ltr'>coeno</span> <span class='ocrx_word' id='word_1_28' title='bbox 751 558 888 624; x_wconf 85' lang='lat' dir='ltr'>oblitum</span> <span class='ocrx_word' id='word_1_29' title='bbox 910 557 1042 642; x_wconf 80' lang='lat' dir='ltr'>videret,</span> 
     </span>
     <span class='ocr_line' id='line_1_5' title="bbox 3 643 1041 730; baseline 0.009 -27"><span class='ocrx_word' id='word_1_30' title='bbox 3 659 4 700; x_wconf 60' lang='grc' dir='ltr'><em>ὲ</em></span> <span class='ocrx_word' id='word_1_31' title='bbox 85 662 253 727; x_wconf 78' lang='lat' dir='ltr'>magnum,</span> <span class='ocrx_word' id='word_1_32' title='bbox 281 643 389 726; x_wconf 88' lang='lat' dir='ltr'>oredo,</span> <span class='ocrx_word' id='word_1_33' title='bbox 421 643 579 727; x_wconf 82' lang='lat' dir='ltr'>acciperet</span> <span class='ocrx_word' id='word_1_34' title='bbox 605 644 762 728; x_wconf 88' lang='lat' dir='ltr'>dolorem,</span> <span class='ocrx_word' id='word_1_35' title='bbox 793 646 839 717; x_wconf 79' lang='lat' dir='ltr'>nic</span> <span class='ocrx_word' id='word_1_36' title='bbox 866 667 926 730; x_wconf 81' lang='lat' dir='ltr'>ego</span> <span class='ocrx_word' id='word_1_37' title='bbox 953 645 1041 712; x_wconf 86' lang='lat' dir='ltr'>bunc</span> 
     </span>
     <span class='ocr_line' id='line_1_6' title="bbox 86 730 1040 816; baseline 0.003 -21"><span class='ocrx_word' id='word_1_38' title='bbox 86 730 234 795; x_wconf 87' lang='lat' dir='ltr'>omnibus</span> <span class='ocrx_word' id='word_1_39' title='bbox 262 752 283 793; x_wconf 85' lang='lat' dir='ltr'>a</span> <span class='ocrx_word' id='word_1_40' title='bbox 308 751 359 794; x_wconf 93' lang='lat' dir='ltr'>me</span> <span class='ocrx_word' id='word_1_41' title='bbox 389 731 511 814; x_wconf 90' lang='lat' dir='ltr'>pictum</span> <span class='ocrx_word' id='word_1_42' title='bbox 537 736 571 796; x_wconf 84' lang='lat' dir='ltr'>et</span> <span class='ocrx_word' id='word_1_43' title='bbox 600 733 738 816; x_wconf 90' lang='lat' dir='ltr'>politum</span> <span class='ocrx_word' id='word_1_44' title='bbox 770 733 849 797; x_wconf 82' lang='lat' dir='ltr'>artis</span> <span class='ocrx_word' id='word_1_45' title='bbox 881 733 1040 798; x_wconf 81' lang='lat' dir='ltr'>coloribus</span> 
     </span>
     <span class='ocr_line' id='line_1_7' title="bbox 85 817 1041 906; baseline 0.002 -24"><span class='ocrx_word' id='word_1_46' title='bbox 85 818 190 883; x_wconf 79' lang='lat' dir='ltr'>cubito</span> <span class='ocrx_word' id='word_1_47' title='bbox 224 817 439 883; x_wconf 83' lang='lat' dir='ltr'>deformatum</span> <span class='ocrx_word' id='word_1_48' title='bbox 470 840 539 884; x_wconf 89' lang='lat' dir='ltr'>non</span> <span class='ocrx_word' id='word_1_49' title='bbox 570 819 638 884; x_wconf 82' lang='lat' dir='ltr'>sine</span> <span class='ocrx_word' id='word_1_50' title='bbox 670 841 790 906; x_wconf 84' lang='lat' dir='ltr'>magno</span> <span class='ocrx_word' id='word_1_51' title='bbox 823 819 932 885; x_wconf 89' lang='lat' dir='ltr'>dolore</span> <span class='ocrx_word' id='word_1_52' title='bbox 959 821 1041 885; x_wconf 78' lang='lat' dir='ltr'>vidi:</span> 
     </span>
     <span class='ocr_line' id='line_1_8' title="bbox 84 907 1040 992; baseline 0.002 -22"><span class='ocrx_word' id='word_1_53' title='bbox 84 927 281 990; x_wconf 84' lang='lat' dir='ltr'>quamquam</span> <span class='ocrx_word' id='word_1_54' title='bbox 302 927 398 971; x_wconf 91' lang='lat' dir='ltr'>nemo</span> <span class='ocrx_word' id='word_1_55' title='bbox 422 907 558 991; x_wconf 83' lang='lat' dir='ltr'>putebat</span> <span class='ocrx_word' id='word_1_56' title='bbox 578 911 711 992; x_wconf 89' lang='lat' dir='ltr'>propter</span> <span class='ocrx_word' id='word_1_57' title='bbox 729 907 920 973; x_wconf 79' lang='lat' dir='ltr'>Clodianum</span> <span class='ocrx_word' id='word_1_58' title='bbox 942 929 1040 992; x_wconf 83' lang='lat' dir='ltr'>nego·</span> 
     </span>
     <span class='ocr_line' id='line_1_9' title="bbox 83 993 1042 1080; baseline 0.001 -22"><span class='ocrx_word' id='word_1_59' title='bbox 83 995 163 1058; x_wconf 86' lang='lat' dir='ltr'>tium</span> <span class='ocrx_word' id='word_1_60' title='bbox 186 1015 239 1059; x_wconf 90' lang='lat' dir='ltr'>me</span> <span class='ocrx_word' id='word_1_61' title='bbox 263 993 310 1058; x_wconf 92' lang='lat' dir='ltr'>illi</span> <span class='ocrx_word' id='word_1_62' title='bbox 331 995 469 1059; x_wconf 81' lang='lat' dir='ltr'>amicum</span> <span class='ocrx_word' id='word_1_63' title='bbox 483 995 690 1080; x_wconf 80' lang='lat' dir='ltr'>oesodebere,</span> <span class='ocrx_word' id='word_1_64' title='bbox 711 999 822 1060; x_wconf 80' lang='lat' dir='ltr'>tamen</span> <span class='ocrx_word' id='word_1_65' title='bbox 844 998 955 1060; x_wconf 79' lang='lat' dir='ltr'>tantus</span> <span class='ocrx_word' id='word_1_66' title='bbox 978 995 1042 1059; x_wconf 87' lang='lat' dir='ltr'>fuit</span> 
     </span>
     <span class='ocr_line' id='line_1_10' title="bbox 84 1081 1042 1256; baseline 0 -22"><span class='ocrx_word' id='word_1_67' title='bbox 84 1081 474 1234; x_wconf 56' lang='lat' dir='ltr'>llllglliloclllineirlmillllurrb</span> <span class='ocrx_word' id='word_1_68' title='bbox 495 1083 601 1236; x_wconf 52' lang='lat' dir='ltr'>{nuilla</span> <span class='ocrx_word' id='word_1_69' title='bbox 616 1087 732 1236; x_wconf 54' lang='lat' dir='ltr'>biblii</span> <span class='ocrx_word' id='word_1_70' title='bbox 754 1083 884 1256; x_wconf 64' lang='lat' dir='ltr'>bbbuilb</span> <span class='ocrx_word' id='word_1_71' title='bbox 896 1081 1042 1235; x_wconf 61' lang='lat' dir='ltr'>itellbllbb</span> 
     </span>
     <span class='ocr_line' id='line_1_11' title="bbox 84 1257 1041 1347; baseline 0.002 -26"><span class='ocrx_word' id='word_1_72' title='bbox 84 1258 239 1340; x_wconf 87' lang='lat' dir='ltr'>iucunda,</span> <span class='ocrx_word' id='word_1_73' title='bbox 272 1260 309 1321; x_wconf 90' lang='lat' dir='ltr'>ut</span> <span class='ocrx_word' id='word_1_74' title='bbox 340 1279 414 1322; x_wconf 91' lang='lat' dir='ltr'>eum</span> <span class='ocrx_word' id='word_1_75' title='bbox 445 1259 565 1343; x_wconf 85' lang='lat' dir='ltr'>locum,</span> <span class='ocrx_word' id='word_1_76' title='bbox 601 1257 657 1324; x_wconf 88' lang='lat' dir='ltr'>ubi</span> <span class='ocrx_word' id='word_1_77' title='bbox 688 1262 929 1347; x_wconf 87' lang='lat' dir='ltr'>proponuntur,</span> <span class='ocrx_word' id='word_1_78' title='bbox 964 1279 1041 1343; x_wconf 85' lang='lat' dir='ltr'>prae</span> 
     </span>
     <span class='ocr_line' id='line_1_12' title="bbox 83 1345 1042 1433; baseline 0.008 -23"><span class='ocrx_word' id='word_1_79' title='bbox 83 1345 291 1410; x_wconf 87' lang='lat' dir='ltr'>multitudine</span> <span class='ocrx_word' id='word_1_80' title='bbox 314 1367 434 1430; x_wconf 89' lang='lat' dir='ltr'>eorum,</span> <span class='ocrx_word' id='word_1_81' title='bbox 457 1347 511 1429; x_wconf 89' lang='lat' dir='ltr'>qui</span> <span class='ocrx_word' id='word_1_82' title='bbox 533 1347 656 1433; x_wconf 82' lang='lat' dir='ltr'>legunt,</span> <span class='ocrx_word' id='word_1_83' title='bbox 678 1348 815 1412; x_wconf 82' lang='lat' dir='ltr'>transire</span> <span class='ocrx_word' id='word_1_84' title='bbox 836 1367 1042 1432; x_wconf 62' lang='lat' dir='ltr'>nequeam,</span> 
     </span>
     <span class='ocr_line' id='line_1_13' title="bbox 82 1432 1041 1519; baseline 0 -21"><span class='ocrx_word' id='word_1_85' title='bbox 82 1434 145 1518; x_wconf 82' lang='lat' dir='ltr'>ipsi</span> <span class='ocrx_word' id='word_1_86' title='bbox 165 1433 218 1498; x_wconf 81' lang='lat' dir='ltr'>ita</span> <span class='ocrx_word' id='word_1_87' title='bbox 240 1432 365 1517; x_wconf 83' lang='lat' dir='ltr'>acerba,</span> <span class='ocrx_word' id='word_1_88' title='bbox 386 1437 424 1497; x_wconf 89' lang='lat' dir='ltr'>ut</span> <span class='ocrx_word' id='word_1_89' title='bbox 445 1435 592 1500; x_wconf 79' lang='lat' dir='ltr'>tabescat</span> <span class='ocrx_word' id='word_1_90' title='bbox 613 1435 737 1519; x_wconf 88' lang='lat' dir='ltr'>dolore,</span> <span class='ocrx_word' id='word_1_91' title='bbox 759 1433 840 1500; x_wconf 91' lang='lat' dir='ltr'>mihi</span> <span class='ocrx_word' id='word_1_92' title='bbox 861 1435 1041 1501; x_wconf 82' lang='lat' dir='ltr'>mehercule</span> 
     </span>
     <span class='ocr_line' id='line_1_14' title="bbox 82 1521 1042 1609; baseline 0.004 -23"><span class='ocrx_word' id='word_1_93' title='bbox 82 1522 235 1604; x_wconf 80' lang='lat' dir='ltr'>molesta,</span> <span class='ocrx_word' id='word_1_94' title='bbox 263 1521 349 1605; x_wconf 90' lang='lat' dir='ltr'>quod</span> <span class='ocrx_word' id='word_1_95' title='bbox 372 1525 405 1585; x_wconf 90' lang='lat' dir='ltr'>et</span> <span class='ocrx_word' id='word_1_96' title='bbox 427 1543 514 1605; x_wconf 89' lang='lat' dir='ltr'>eum,</span> <span class='ocrx_word' id='word_1_97' title='bbox 544 1543 640 1607; x_wconf 87' lang='lat' dir='ltr'>quem</span> <span class='ocrx_word' id='word_1_98' title='bbox 667 1544 792 1609; x_wconf 87' lang='lat' dir='ltr'><strong>semper</strong></span> <span class='ocrx_word' id='word_1_99' title='bbox 815 1521 925 1606; x_wconf 84' lang='lat' dir='ltr'>dilexi,</span> <span class='ocrx_word' id='word_1_100' title='bbox 945 1522 1042 1590; x_wconf 78' lang='lat' dir='ltr'>nimis</span> 
     </span>
     <span class='ocr_line' id='line_1_15' title="bbox 83 1609 1043 1694; baseline -0.002 -20"><span class='ocrx_word' id='word_1_101' title='bbox 83 1609 272 1674; x_wconf 80' lang='lat' dir='ltr'>excruciant</span> <span class='ocrx_word' id='word_1_102' title='bbox 294 1611 326 1673; x_wconf 92' lang='lat' dir='ltr'>et</span> <span class='ocrx_word' id='word_1_103' title='bbox 347 1610 456 1693; x_wconf 90' lang='lat' dir='ltr'>timeo,</span> <span class='ocrx_word' id='word_1_104' title='bbox 478 1613 547 1674; x_wconf 88' lang='lat' dir='ltr'>tam</span> <span class='ocrx_word' id='word_1_105' title='bbox 568 1611 740 1675; x_wconf 84' lang='lat' dir='ltr'>vehemens</span> <span class='ocrx_word' id='word_1_106' title='bbox 753 1611 803 1676; x_wconf 84' lang='lat' dir='ltr'>vir</span> <span class='ocrx_word' id='word_1_107' title='bbox 816 1613 946 1694; x_wconf 83' lang='lat' dir='ltr'>tamque</span> <span class='ocrx_word' id='word_1_108' title='bbox 969 1629 1043 1677; x_wconf 80' lang='lat' dir='ltr'>acer</span> 
     </span>
     <span class='ocr_line' id='line_1_16' title="bbox 82 1695 1043 1765; baseline 0 -3"><span class='ocrx_word' id='word_1_109' title='bbox 82 1695 219 1762; x_wconf 83' lang='lat' dir='ltr'>inferro</span> <span class='ocrx_word' id='word_1_110' title='bbox 243 1699 358 1762; x_wconf 86' lang='lat' dir='ltr'>ettam</span> <span class='ocrx_word' id='word_1_111' title='bbox 375 1697 521 1763; x_wconf 85' lang='lat' dir='ltr'>insuetus</span> <span class='ocrx_word' id='word_1_112' title='bbox 540 1699 753 1764; x_wconf 74' lang='lat' dir='ltr'>contumeliae</span> <span class='ocrx_word' id='word_1_113' title='bbox 775 1719 817 1763; x_wconf 86' lang='lat' dir='ltr'>no</span> <span class='ocrx_word' id='word_1_114' title='bbox 840 1697 929 1763; x_wconf 91' lang='lat' dir='ltr'>omni</span> <span class='ocrx_word' id='word_1_115' title='bbox 943 1697 1043 1765; x_wconf 78' lang='lat' dir='ltr'>animi</span> 
     </span>
     <span class='ocr_line' id='line_1_17' title="bbox 82 1784 1068 1870; baseline 0 -20"><span class='ocrx_word' id='word_1_116' title='bbox 82 1787 207 1870; x_wconf 87' lang='lat' dir='ltr'>impetu</span> <span class='ocrx_word' id='word_1_117' title='bbox 231 1784 335 1849; x_wconf 91' lang='lat' dir='ltr'>dolori</span> <span class='ocrx_word' id='word_1_118' title='bbox 358 1788 391 1849; x_wconf 90' lang='lat' dir='ltr'>et</span> <span class='ocrx_word' id='word_1_119' title='bbox 412 1785 597 1851; x_wconf 78' lang='lat' dir='ltr'>iracundiae</span> <span class='ocrx_word' id='word_1_120' title='bbox 624 1790 745 1870; x_wconf 82' lang='lat' dir='ltr'>pareat.</span> <span class='ocrx_word' id='word_1_121' title='bbox 789 1785 899 1851; x_wconf 92' lang='lat' dir='ltr'>Bibuli</span> <span class='ocrx_word' id='word_1_122' title='bbox 922 1786 976 1870; x_wconf 89' lang='lat' dir='ltr'>qui</span> <span class='ocrx_word' id='word_1_123' title='bbox 999 1786 1068 1850; x_wconf 75' lang='lat' dir='ltr'>sier</span> 
     </span>
     <span class='ocr_line' id='line_1_18' title="bbox 85 1872 1042 1959; baseline 0 -21"><span class='ocrx_word' id='word_1_124' title='bbox 85 1875 189 1938; x_wconf 84' lang='lat' dir='ltr'>exitus</span> <span class='ocrx_word' id='word_1_125' title='bbox 213 1872 357 1957; x_wconf 81' lang='lat' dir='ltr'>futurus,</span> <span class='ocrx_word' id='word_1_126' title='bbox 388 1875 510 1938; x_wconf 84' lang='lat' dir='ltr'>nescio:</span> <span class='ocrx_word' id='word_1_127' title='bbox 542 1876 580 1938; x_wconf 82' lang='lat' dir='ltr'>ut</span> <span class='ocrx_word' id='word_1_128' title='bbox 601 1895 688 1940; x_wconf 89' lang='lat' dir='ltr'>nuno</span> <span class='ocrx_word' id='word_1_129' title='bbox 710 1897 761 1939; x_wconf 83' lang='lat' dir='ltr'>res</span> <span class='ocrx_word' id='word_1_130' title='bbox 789 1896 823 1939; x_wconf 83' lang='lat' dir='ltr'>se</span> <span class='ocrx_word' id='word_1_131' title='bbox 845 1874 958 1959; x_wconf 79' lang='lat' dir='ltr'>babet,</span> <span class='ocrx_word' id='word_1_132' title='bbox 989 1873 1042 1938; x_wconf 81' lang='lat' dir='ltr'>ad·</span> 
     </span>
     <span class='ocr_line' id='line_1_19' title="bbox 85 1961 1044 2046; baseline 0.001 -21"><span class='ocrx_word' id='word_1_133' title='bbox 85 1961 225 2026; x_wconf 84' lang='lat' dir='ltr'>mirabssi</span> <span class='ocrx_word' id='word_1_134' title='bbox 252 1961 356 2046; x_wconf 85' lang='lat' dir='ltr'>gloria</span> <span class='ocrx_word' id='word_1_135' title='bbox 384 1965 445 2045; x_wconf 72' lang='lat' dir='ltr'>est,</span> <span class='ocrx_word' id='word_1_136' title='bbox 477 1962 533 2046; x_wconf 89' lang='lat' dir='ltr'>qui</span> <span class='ocrx_word' id='word_1_137' title='bbox 555 1983 654 2046; x_wconf 88' lang='lat' dir='ltr'>quum</span> <span class='ocrx_word' id='word_1_138' title='bbox 682 1962 812 2031; x_wconf 76' lang='lat' dir='ltr'>comitia</span> <span class='ocrx_word' id='word_1_139' title='bbox 837 1962 873 2028; x_wconf 90' lang='lat' dir='ltr'>in</span> <span class='ocrx_word' id='word_1_140' title='bbox 899 1982 1044 2029; x_wconf 80' lang='lat' dir='ltr'>mensem</span> 
     </span>
     <span class='ocr_line' id='line_1_20' title="bbox 83 2049 1044 2134; baseline -0.001 -20"><span class='ocrx_word' id='word_1_141' title='bbox 83 2050 258 2114; x_wconf 72' lang='lat' dir='ltr'>Octobrem</span> <span class='ocrx_word' id='word_1_142' title='bbox 294 2049 484 2134; x_wconf 84' lang='lat' dir='ltr'>distulisset,</span> <span class='ocrx_word' id='word_1_143' title='bbox 525 2049 610 2134; x_wconf 92' lang='lat' dir='ltr'>quod</span> <span class='ocrx_word' id='word_1_144' title='bbox 648 2051 730 2116; x_wconf 83' lang='lat' dir='ltr'>solet</span> <span class='ocrx_word' id='word_1_145' title='bbox 770 2071 809 2115; x_wconf 82' lang='lat' dir='ltr'>ec</span> <span class='ocrx_word' id='word_1_146' title='bbox 843 2070 894 2113; x_wconf 84' lang='lat' dir='ltr'>res</span> <span class='ocrx_word' id='word_1_147' title='bbox 930 2049 1044 2134; x_wconf 86' lang='lat' dir='ltr'>populi</span> 
     </span>
     <span class='ocr_line' id='line_1_21' title="bbox 82 2135 1044 2223; baseline -0.004 -21"><span class='ocrx_word' id='word_1_148' title='bbox 82 2139 287 2202; x_wconf 82' lang='lat' dir='ltr'>voluntatem</span> <span class='ocrx_word' id='word_1_149' title='bbox 315 2137 487 2220; x_wconf 89' lang='lat' dir='ltr'>offendere,</span> <span class='ocrx_word' id='word_1_150' title='bbox 516 2141 648 2223; x_wconf 83' lang='lat' dir='ltr'>putarat</span> <span class='ocrx_word' id='word_1_151' title='bbox 669 2135 788 2204; x_wconf 82' lang='lat' dir='ltr'>Caesar</span> <span class='ocrx_word' id='word_1_152' title='bbox 815 2135 961 2221; x_wconf 83' lang='lat' dir='ltr'>oratione</span> <span class='ocrx_word' id='word_1_153' title='bbox 984 2157 1044 2203; x_wconf 76' lang='lat' dir='ltr'>sua</span> 
     </span>
     <span class='ocr_line' id='line_1_22' title="bbox 82 2223 1043 2310; baseline -0.005 -19"><span class='ocrx_word' id='word_1_154' title='bbox 82 2247 179 2310; x_wconf 79' lang='lat' dir='ltr'>posse</span> <span class='ocrx_word' id='word_1_155' title='bbox 203 2225 327 2308; x_wconf 90' lang='lat' dir='ltr'>impelli</span> <span class='ocrx_word' id='word_1_156' title='bbox 348 2225 546 2309; x_wconf 86' lang='lat' dir='ltr'>concionem,</span> <span class='ocrx_word' id='word_1_157' title='bbox 568 2229 606 2290; x_wconf 88' lang='lat' dir='ltr'>ut</span> <span class='ocrx_word' id='word_1_158' title='bbox 627 2226 690 2290; x_wconf 87' lang='lat' dir='ltr'>iret</span> <span class='ocrx_word' id='word_1_159' title='bbox 703 2226 743 2290; x_wconf 83' lang='lat' dir='ltr'>ed</span> <span class='ocrx_word' id='word_1_160' title='bbox 756 2223 921 2306; x_wconf 87' lang='lat' dir='ltr'>Bibulum,</span> <span class='ocrx_word' id='word_1_161' title='bbox 940 2223 1043 2288; x_wconf 81' lang='lat' dir='ltr'>multa</span> 
     </span>
     <span class='ocr_line' id='line_1_23' title="bbox 82 2311 1044 2399; baseline -0.004 -21"><span class='ocrx_word' id='word_1_162' title='bbox 82 2335 185 2398; x_wconf 90' lang='lat' dir='ltr'>quum</span> <span class='ocrx_word' id='word_1_163' title='bbox 210 2312 449 2382; x_wconf 71' lang='lat' dir='ltr'>seditiosissime</span> <span class='ocrx_word' id='word_1_164' title='bbox 473 2312 608 2399; x_wconf 86' lang='lat' dir='ltr'>diceret,</span> <span class='ocrx_word' id='word_1_165' title='bbox 639 2334 751 2379; x_wconf 85' lang='lat' dir='ltr'>vocem</span> <span class='ocrx_word' id='word_1_166' title='bbox 778 2311 953 2396; x_wconf 82' lang='lat' dir='ltr'>exprimere</span> <span class='ocrx_word' id='word_1_167' title='bbox 975 2331 1044 2375; x_wconf 89' lang='lat' dir='ltr'>non</span> 
     </span>
     <span class='ocr_line' id='line_1_24' title="bbox 81 2398 1043 2487; baseline -0.003 -20"><span class='ocrx_word' id='word_1_168' title='bbox 81 2402 201 2487; x_wconf 81' lang='lat' dir='ltr'>potuit.</span> <span class='ocrx_word' id='word_1_169' title='bbox 247 2399 330 2476; x_wconf 82' lang='lat' dir='ltr'>Quid</span> <span class='ocrx_word' id='word_1_170' title='bbox 367 2401 514 2484; x_wconf 82' lang='lat' dir='ltr'>quoeris?</span> <span class='ocrx_word' id='word_1_171' title='bbox 551 2401 696 2466; x_wconf 84' lang='lat' dir='ltr'>sentiunt</span> <span class='ocrx_word' id='word_1_172' title='bbox 726 2421 760 2464; x_wconf 86' lang='lat' dir='ltr'>se</span> <span class='ocrx_word' id='word_1_173' title='bbox 792 2399 915 2464; x_wconf 86' lang='lat' dir='ltr'>nullam</span> <span class='ocrx_word' id='word_1_174' title='bbox 946 2398 1043 2464; x_wconf 82' lang='lat' dir='ltr'>ullius</span> 
     </span>
     <span class='ocr_line' id='line_1_25' title="bbox 81 2485 1044 2574; baseline -0.003 -20"><span class='ocrx_word' id='word_1_175' title='bbox 81 2489 187 2574; x_wconf 81' lang='lat' dir='ltr'>pertis</span> <span class='ocrx_word' id='word_1_176' title='bbox 215 2489 416 2553; x_wconf 81' lang='lat' dir='ltr'>voluntatem</span> <span class='ocrx_word' id='word_1_177' title='bbox 442 2493 564 2554; x_wconf 87' lang='lat' dir='ltr'>tenere:</span> <span class='ocrx_word' id='word_1_178' title='bbox 597 2510 634 2554; x_wconf 90' lang='lat' dir='ltr'>eo</span> <span class='ocrx_word' id='word_1_179' title='bbox 666 2489 770 2574; x_wconf 82' lang='lat' dir='ltr'>magis</span> <span class='ocrx_word' id='word_1_180' title='bbox 797 2488 844 2552; x_wconf 82' lang='lat' dir='ltr'>vis</span> <span class='ocrx_word' id='word_1_181' title='bbox 872 2485 967 2553; x_wconf 89' lang='lat' dir='ltr'>nobis</span> <span class='ocrx_word' id='word_1_182' title='bbox 994 2490 1044 2552; x_wconf 85' lang='lat' dir='ltr'>est</span> 
     </span>
     <span class='ocr_line' id='line_1_26' title="bbox 81 2568 1069 2661; baseline -0.004 -19"><span class='ocrx_word' id='word_1_183' title='bbox 81 2568 239 2643; x_wconf 86' lang='lat' dir='ltr'>timenda.</span> <span class='ocrx_word' id='word_1_184' title='bbox 267 2573 397 2641; x_wconf 80' lang='lat' dir='ltr'>Clodius</span> <span class='ocrx_word' id='word_1_185' title='bbox 420 2577 568 2642; x_wconf 86' lang='lat' dir='ltr'>inimicus</span> <span class='ocrx_word' id='word_1_186' title='bbox 591 2580 641 2642; x_wconf 83' lang='lat' dir='ltr'>est</span> <span class='ocrx_word' id='word_1_187' title='bbox 655 2576 760 2661; x_wconf 80' lang='lat' dir='ltr'>nobie,</span> <span class='ocrx_word' id='word_1_188' title='bbox 780 2575 953 2660; x_wconf 84' lang='lat' dir='ltr'>Pompeius</span> <span class='ocrx_word' id='word_1_189' title='bbox 968 2591 1069 2640; x_wconf 77' lang='lat' dir='ltr'>oon-⁶</span> 
     </span>
     <span class='ocr_line' id='line_1_27' title="bbox 82 2662 1043 2730; baseline -0.003 -1"><span class='ocrx_word' id='word_1_190' title='bbox 82 2666 194 2729; x_wconf 84' lang='lat' dir='ltr'>firmat</span> <span class='ocrx_word' id='word_1_191' title='bbox 222 2686 294 2729; x_wconf 88' lang='lat' dir='ltr'>eum</span> <span class='ocrx_word' id='word_1_192' title='bbox 321 2665 404 2730; x_wconf 91' lang='lat' dir='ltr'>nihil</span> <span class='ocrx_word' id='word_1_193' title='bbox 430 2687 498 2730; x_wconf 84' lang='lat' dir='ltr'>esse</span> <span class='ocrx_word' id='word_1_194' title='bbox 529 2665 692 2730; x_wconf 85' lang='lat' dir='ltr'>facturum</span> <span class='ocrx_word' id='word_1_195' title='bbox 723 2667 836 2730; x_wconf 85' lang='lat' dir='ltr'>contra</span> <span class='ocrx_word' id='word_1_196' title='bbox 867 2684 931 2727; x_wconf 89' lang='lat' dir='ltr'>me:</span> <span class='ocrx_word' id='word_1_197' title='bbox 963 2662 1043 2728; x_wconf 92' lang='lat' dir='ltr'>mibi</span> 
     </span>
     <span class='ocr_line' id='line_1_28' title="bbox 81 2752 1043 2838; baseline -0.002 -20"><span class='ocrx_word' id='word_1_198' title='bbox 81 2753 302 2838; x_wconf 81' lang='lat' dir='ltr'>periculosum</span> <span class='ocrx_word' id='word_1_199' title='bbox 325 2756 374 2816; x_wconf 87' lang='lat' dir='ltr'>est</span> <span class='ocrx_word' id='word_1_200' title='bbox 396 2754 536 2837; x_wconf 85' lang='lat' dir='ltr'>credere,</span> <span class='ocrx_word' id='word_1_201' title='bbox 568 2752 609 2816; x_wconf 89' lang='lat' dir='ltr'>ad</span> <span class='ocrx_word' id='word_1_202' title='bbox 636 2752 850 2817; x_wconf 83' lang='lat' dir='ltr'>resistendum</span> <span class='ocrx_word' id='word_1_203' title='bbox 872 2772 922 2816; x_wconf 85' lang='lat' dir='ltr'>mo</span> <span class='ocrx_word' id='word_1_204' title='bbox 949 2773 1043 2835; x_wconf 70' lang='lat' dir='ltr'>poro,</span> 
     </span>
     <span class='ocr_line' id='line_1_29' title="bbox 83 2838 1043 2924; baseline -0.005 -18"><span class='ocrx_word' id='word_1_205' title='bbox 83 2841 194 2906; x_wconf 79' lang='lat' dir='ltr'>studia</span> <span class='ocrx_word' id='word_1_206' title='bbox 209 2861 302 2924; x_wconf 84' lang='lat' dir='ltr'>spero</span> <span class='ocrx_word' id='word_1_207' title='bbox 317 2862 368 2904; x_wconf 88' lang='lat' dir='ltr'>me</span> <span class='ocrx_word' id='word_1_208' title='bbox 383 2863 507 2905; x_wconf 82' lang='lat' dir='ltr'>summa</span> <span class='ocrx_word' id='word_1_209' title='bbox 520 2841 707 2906; x_wconf 86' lang='lat' dir='ltr'>habiturum</span> <span class='ocrx_word' id='word_1_210' title='bbox 726 2840 870 2906; x_wconf 89' lang='lat' dir='ltr'>omnium</span> <span class='ocrx_word' id='word_1_211' title='bbox 885 2838 1043 2904; x_wconf 87' lang='lat' dir='ltr'>ordinum.</span> 
     </span>
     <span class='ocr_line' id='line_1_30' title="bbox 83 2926 1043 3013; baseline -0.006 -20"><span class='ocrx_word' id='word_1_212' title='bbox 83 2928 130 2993; x_wconf 76' lang='lat' dir='ltr'>&#39;l&#39;e</span> <span class='ocrx_word' id='word_1_213' title='bbox 160 2950 262 3013; x_wconf 89' lang='lat' dir='ltr'>quum</span> <span class='ocrx_word' id='word_1_214' title='bbox 287 2949 349 3012; x_wconf 83' lang='lat' dir='ltr'>ego</span> <span class='ocrx_word' id='word_1_215' title='bbox 373 2928 532 3012; x_wconf 84' lang='lat' dir='ltr'>desidero,</span> <span class='ocrx_word' id='word_1_216' title='bbox 567 2932 637 2993; x_wconf 88' lang='lat' dir='ltr'>tum</span> <span class='ocrx_word' id='word_1_217' title='bbox 665 2950 740 2993; x_wconf 85' lang='lat' dir='ltr'>vero</span> <span class='ocrx_word' id='word_1_218' title='bbox 768 2949 819 2992; x_wconf 85' lang='lat' dir='ltr'>res</span> <span class='ocrx_word' id='word_1_219' title='bbox 847 2926 887 2990; x_wconf 85' lang='lat' dir='ltr'>ad</span> <span class='ocrx_word' id='word_1_220' title='bbox 915 2928 1043 3008; x_wconf 87' lang='lat' dir='ltr'>tempus</span> 
     </span>
     <span class='ocr_line' id='line_1_31' title="bbox 83 3011 1043 3100; baseline -0.007 -19"><span class='ocrx_word' id='word_1_221' title='bbox 83 3017 165 3081; x_wconf 90' lang='lat' dir='ltr'>illud</span> <span class='ocrx_word' id='word_1_222' title='bbox 180 3019 287 3082; x_wconf 81' lang='lat' dir='ltr'>vocat:</span> <span class='ocrx_word' id='word_1_223' title='bbox 309 3016 484 3100; x_wconf 85' lang='lat' dir='ltr'>plurimum</span> <span class='ocrx_word' id='word_1_224' title='bbox 502 3017 636 3100; x_wconf 84' lang='lat' dir='ltr'>consilii,</span> <span class='ocrx_word' id='word_1_225' title='bbox 659 3015 768 3100; x_wconf 88' lang='lat' dir='ltr'>animi,</span> <span class='ocrx_word' id='word_1_226' title='bbox 789 3012 940 3100; x_wconf 84' lang='lat' dir='ltr'>praesidii</span> <span class='ocrx_word' id='word_1_227' title='bbox 955 3011 1043 3075; x_wconf 88' lang='lat' dir='ltr'>deni·</span> 
     </span>
     <span class='ocr_line' id='line_1_32' title="bbox 84 3098 1042 3189; baseline -0.009 -19"><span class='ocrx_word' id='word_1_228' title='bbox 84 3127 148 3189; x_wconf 88' lang='lat' dir='ltr'>que</span> <span class='ocrx_word' id='word_1_229' title='bbox 170 3103 263 3186; x_wconf 92' lang='lat' dir='ltr'>mihi,</span> <span class='ocrx_word' id='word_1_230' title='bbox 284 3103 313 3168; x_wconf 82' lang='lat' dir='ltr'>oi</span> <span class='ocrx_word' id='word_1_231' title='bbox 334 3107 367 3167; x_wconf 87' lang='lat' dir='ltr'>te</span> <span class='ocrx_word' id='word_1_232' title='bbox 382 3104 422 3167; x_wconf 87' lang='lat' dir='ltr'>ad</span> <span class='ocrx_word' id='word_1_233' title='bbox 445 3107 573 3188; x_wconf 82' lang='lat' dir='ltr'>tempus</span> <span class='ocrx_word' id='word_1_234' title='bbox 585 3103 705 3188; x_wconf 86' lang='lat' dir='ltr'>videro,</span> <span class='ocrx_word' id='word_1_235' title='bbox 728 3101 905 3168; x_wconf 82' lang='lat' dir='ltr'>occesserit.</span> <span class='ocrx_word' id='word_1_236' title='bbox 936 3098 1042 3164; x_wconf 83' lang='lat' dir='ltr'>Varro</span> 
     </span>
     <span class='ocr_line' id='line_1_33' title="bbox 85 3189 1042 3277; baseline -0.007 -20"><span class='ocrx_word' id='word_1_237' title='bbox 85 3193 166 3258; x_wconf 92' lang='lat' dir='ltr'>mihi</span> <span class='ocrx_word' id='word_1_238' title='bbox 189 3190 361 3274; x_wconf 76' lang='lat' dir='ltr'>satisfacit3</span> <span class='ocrx_word' id='word_1_239' title='bbox 387 3191 558 3277; x_wconf 84' lang='lat' dir='ltr'>Pompeius</span> <span class='ocrx_word' id='word_1_240' title='bbox 581 3191 724 3276; x_wconf 85' lang='lat' dir='ltr'>loquitur</span> <span class='ocrx_word' id='word_1_241' title='bbox 746 3189 913 3255; x_wconf 79' lang='lat' dir='ltr'>divinitus:</span> <span class='ocrx_word' id='word_1_242' title='bbox 949 3206 1042 3271; x_wconf 83' lang='lat' dir='ltr'>spero</span> 
     </span>
    </p>
   </div>
   <div class='ocr_carea' id='block_1_3' title="bbox 86 3379 1045 3558">
    <p class='ocr_par' dir='ltr' id='par_1_3' title="bbox 86 3379 1045 3558">
     <span class='ocr_line' id='line_1_34' title="bbox 154 3379 1043 3490; baseline -0.009 -17"><span class='ocrx_word' id='word_1_243' title='bbox 154 3379 207 3490; x_wconf 76' lang='lat' dir='ltr'>llp.</span> <span class='ocrx_word' id='word_1_244' title='bbox 227 3425 271 3485; x_wconf 81' lang='lat'>21,</span> <span class='ocrx_word' id='word_1_245' title='bbox 289 3424 315 3474; x_wconf 85' lang='lat'>4.</span> <span class='ocrx_word' id='word_1_246' title='bbox 347 3434 476 3488; x_wconf 64' lang='lat' dir='ltr'>maworn</span> <span class='ocrx_word' id='word_1_247' title='bbox 494 3418 565 3487; x_wconf 83' lang='lat' dir='ltr'>(Or.;</span> <span class='ocrx_word' id='word_1_248' title='bbox 587 3417 624 3474; x_wconf 83' lang='grc' dir='ltr'>Μ.</span> <span class='ocrx_word' id='word_1_249' title='bbox 643 3416 789 3488; x_wconf 76' lang='lat' dir='ltr'>cequeom&#39;,</span> <span class='ocrx_word' id='word_1_250' title='bbox 812 3430 841 3468; x_wconf 80' lang='lat' dir='ltr'>o:</span> <span class='ocrx_word' id='word_1_251' title='bbox 872 3425 1043 3482; x_wconf 76' lang='lat' dir='ltr'>nequeamus,</span> 
     </span>
     <span class='ocr_line' id='line_1_35' title="bbox 86 3485 1045 3558; baseline -0.006 -16"><span class='ocrx_word' id='word_1_252' title='bbox 86 3490 118 3544; x_wconf 90' lang='lat' dir='ltr'>nt</span> <span class='ocrx_word' id='word_1_253' title='bbox 134 3488 194 3557; x_wconf 78' lang='lat' dir='ltr'>BL,</span> <span class='ocrx_word' id='word_1_254' title='bbox 214 3488 294 3558; x_wconf 79' lang='lat' dir='ltr'>Oxx,</span> <span class='ocrx_word' id='word_1_255' title='bbox 316 3495 332 3542; x_wconf 80' lang='lat'>2</span> <span class='ocrx_word' id='word_1_256' title='bbox 351 3489 488 3558; x_wconf 76' lang='lat' dir='ltr'>Ambroe,</span> <span class='ocrx_word' id='word_1_257' title='bbox 516 3487 586 3558; x_wconf 79' lang='lat' dir='ltr'>acl,</span> <span class='ocrx_word' id='word_1_258' title='bbox 610 3487 659 3543; x_wconf 82' lang='lat' dir='ltr'>eed</span> <span class='ocrx_word' id='word_1_259' title='bbox 676 3487 711 3542; x_wconf 84' lang='lat' dir='ltr'>m&#39;</span> <span class='ocrx_word' id='word_1_260' title='bbox 729 3485 760 3542; x_wconf 90' lang='lat' dir='ltr'>in</span> <span class='ocrx_word' id='word_1_261' title='bbox 777 3485 904 3552; x_wconf 77' lang='lat' dir='ltr'>rasura)?</span> <span class='ocrx_word' id='word_1_262' title='bbox 950 3488 975 3538; x_wconf 82' lang='grc'>6.</span> <span class='ocrx_word' id='word_1_263' title='bbox 1001 3496 1045 3552; x_wconf 71' lang='lat' dir='ltr'>ree</span> 
     </span>
    </p>
   </div>
   <div class='ocr_carea' id='block_1_4' title="bbox 86 3559 365 3629">
    <p class='ocr_par' dir='ltr' id='par_1_4' title="bbox 86 3559 365 3629">
     <span class='ocr_line' id='line_1_36' title="bbox 86 3559 365 3629; baseline -0.004 0"><span class='ocrx_word' id='word_1_264' title='bbox 86 3575 118 3614; x_wconf 65' lang='grc' dir='ltr'><strong><em>Μ</em></strong></span> <span class='ocrx_word' id='word_1_265' title='bbox 134 3564 240 3629; x_wconf 60' lang='lat' dir='ltr'>‘em</span> <span class='ocrx_word' id='word_1_266' title='bbox 257 3559 365 3629; x_wconf 67' lang='lat' dir='ltr'>(Em-li</span> 
     </span>
    </p>
   </div>
   <div class='ocr_carea' id='block_1_5' title="bbox 0 0 1302 3964">
    <p class='ocr_par' dir='ltr' id='par_1_5' title="bbox 0 0 1302 3964">
     <span class='ocr_line' id='line_1_37' title="bbox 0 0 1302 3964; baseline 0 0"><span class='ocrx_word' id='word_1_267' title='bbox 0 0 1302 3964; x_wconf 95' lang='lat' dir='ltr'> </span> 
     </span>
    </p>
   </div>
  </div>
 </body>
</html>
