2594 3976
258 219 516 277 EPISTOLARUM
534 220 583 278 AD
601 220 768 278 arricum
785 220 845 278 XV.
865 227 890 277 4.
989 219 1053 286 549

95 365 223 432 inclusa
244 365 402 451 medullis,
425 367 468 431 sit
488 367 654 452 modo‚·ut
672 366 793 452 scribis,
815 367 905 434 locus
928 366 1056 452 agendi.

95 453 146 519 De
170 453 316 520 oratione
338 452 434 520 Bruti
455 476 588 540 prorsus
610 455 779 522 contendis
785 506 795 540 ,
816 476 916 539 quum
938 455 1056 520 iterum

94 547 165 608 tam
196 542 307 608 multis
339 543 444 608 verbis
476 543 556 630 agia.
600 541 716 630 Egone
747 546 785 610 ut
816 564 887 608 eam
916 551 1058 628 causam

96 653 196 717 quam
218 631 246 697 is
270 631 419 716 scripsit?
442 653 503 718 ego
526 633 664 699 scribam
686 654 754 698 non
773 635 907 718 rogatus
930 633 971 698 ab
995 629 1056 697 eo?

95 721 190 786 nulla
202 723 453 805 παρεγχείρησις
465 721 535 786 fieri
548 725 658 806 potest
670 721 940 788 contumeliosior.
965 717 1057 806 „At‚“

95 809 216 896 inquis,
236 805 497 894 ,ξΗρακλείὸειον
520 808 668 896 aliquid.“
697 809 774 876 Non
796 831 909 875 recuso
932 808 965 873 id
988 809 1056 892 qui·

96 899 182 982 dem,
203 898 259 965 sed
274 901 307 963 et
324 899 582 984 componendum
605 901 831 986 argumentum
854 901 904 963 est
926 901 959 962 et
981 897 1056 962 sori·

96 986 197 1052 bandi
220 987 469 1072 exspectandum
484 991 612 1073 tempus
635 988 806 1053 maturius:
828 987 904 1052 licet
917 987 1003 1052 enim
1017 986 1057 1050 de

97 1097 160 1161 me,
173 1076 311 1161 utlibet,
331 1077 493 1142 existimes
507 1113 548 1124 -
562 1077 660 1142 uelim
677 1077 806 1163 quidem
825 1097 922 1161 quam
936 1073 1057 1159 optime

97 1201 153 1249 -,
176 1165 204 1230 si
225 1165 305 1230 haee
326 1165 374 1230 iu
395 1171 541 1250 manant,
561 1169 599 1233 ut
618 1165 777 1250 videntur,
799 1165 949 1249 -feres,
971 1161 1065 1249 quod·
1153 1241 1155 1246 Ι

98 1253 205 1318 dicam
219 1290 263 1302 -
284 1275 336 1320 mc
359 1252 436 1319 ldus
449 1253 586 1320 Martiae
608 1276 676 1320 non
699 1254 873 1337 delectant3
893 1253 949 1319 ille
972 1252 1058 1316 anim

98 1364 277 1427 numquam
289 1342 483 1428 revertisset,
504 1364 566 1409 nos
579 1343 677 1410 timor
690 1343 880 1409 confirmare
903 1341 972 1407 eius
986 1343 1059 1406 acta

98 1452 170 1497 non
191 1431 359 1518 coegisset,
381 1435 498 1497 aut-
511 1436 550 1497 ut
569 1432 606 1496 in
628 1430 750 1498 Saufeii
771 1453 843 1496 eam
864 1430 1058 1514 relinquam·

98 1541 163 1604 que
185 1519 403 1605 „Tusculanas
425 1519 687 1606 disputationes,“
718 1519 759 1585 ad
787 1541 867 1604 quas
893 1521 931 1584 tu
960 1517 1057 1584 etiam

98 1607 288 1676 Vestorium
301 1609 442 1676 hortaris
456 1646 498 1656 —
511 1609 559 1674 ita
571 1609 707 1695 gratiosi
720 1630 846 1675 eramus
860 1607 947 1693 apud
959 1607 1060 1690 illum,

99 1719 198 1782 quem
212 1697 245 1764 di
258 1701 421 1764 mortuum
438 1699 601 1783 perduint!
624 1701 662 1763 ut
673 1701 805 1764 nostrae
819 1697 936 1782 *aetati
958 1717 1058 1781 quon-

98 1787 168 1852 iam
185 1786 355 1852 interfecto
378 1787 508 1852 domino
531 1787 624 1852 liberi
645 1809 714 1854 non
731 1809 851 1873 sumus,
872 1807 940 1852 non
961 1785 1060 1851 fuerit

100 1874 259 1978 §lominus
273 1875 328 1942 ille
354 1875 595 1962 fugiendus-
616 1877 729 1960 rubeo,
758 1875 839 1940 mihi
866 1874 971 1957 crede,
1003 1873 1058 1938 sed

98 1963 845 2138 tlatltlmatltffallegabit
868 1961 1085 2116 lli-tlte

101 2138 362 2226 (latomorum,
393 2144 426 2206 et
452 2141 603 2224 maxime,
634 2141 710 2225 quid
733 2139 854 2208 nostris
875 2137 1059 2205 faciendum

101 2229 159 2313 sit,
181 2229 258 2314 quid
281 2231 377 2296 etiam
400 2229 508 2314 nobis,
535 2229 564 2296 si
585 2228 750 2295 Antonius
772 2227 929 2294 militibus
952 2226 1059 2292 obses-

102 2339 197 2384 surus
210 2322 260 2386 est
273 2323 430 2384 senatum.
456 2317 552 2384 Hanc
565 2317 736 2403 epistolam
750 2317 779 2383 si
790 2317 877 2382 illius
890 2315 1059 2381 tabellario

102 2403 271 2490 dedissem,
293 2408 414 2474 ueritus
437 2429 518 2492 sum,
539 2428 581 2473 ne
604 2407 758 2473 solueret:
779 2406 889 2490 itaque
911 2403 985 2470 misi
1006 2403 1059 2468 de·

102 2494 172 2562 dite
193 2515 300 2581 operm
323 2499 393 2562 erat
415 2497 501 2562 enim
523 2495 764 2562 rescribendum
786 2495 860 2560 tuis.

169 2581 274 2660 Quam
300 2585 415 2652 vellem
436 2584 540 2652 Bruto
568 2584 710 2650 studium
737 2587 831 2649 tuum
858 2603 977 2650 nauare
1003 2600 1087 2666 pos

101 2671 232 2740 maest
256 2693 317 2760 ego
339 2673 440 2760 igitur
462 2673 504 2738 ad
526 2695 600 2740 eum
621 2673 756 2738 liberas.
781 2670 835 2738 Ad
856 2671 1060 2740 Dolabellam

102 2760 256 2828 Tironem
277 2762 352 2828 misi
374 2783 447 2828 oum
469 2761 632 2828 mandatis
653 2765 688 2827 et
709 2762 840 2828 litteris:
868 2782 940 2826 eum
964 2759 1004 2824 ad
1026 2763 1060 2824 te

102 2851 234 2917 vocabis
256 2853 303 2933 et,
329 2851 358 2916 si
380 2850 456 2936 quid
478 2851 627 2934 habebis,
658 2850 745 2935 quod
766 2850 906 2934 placeat,
933 2847 1061 2913 scribes.

101 2938 188 3004 Ecce
211 2943 319 3005 autem
341 2939 380 3004 de
402 2943 548 3006 traverso
561 2937 597 3004 n.
611 2937 730 3005 Caesar
751 2947 790 3004 ut
811 2937 940 3003 renim
962 2935 1003 3000 ad
1026 2957 1061 3000 ee

93 3031 199 3114 ,rogat
220 3027 256 3092 in
275 3026 399 3093 Nemus
422 3027 654 3112 subscribam,
676 3047 739 3112 quo
763 3047 797 3091 sa
819 3025 929 3091 venire
952 3024 1061 3107 velim3

101 3115 206 3182 Bruto
230 3117 315 3182 euim
337 3117 464 3201 placere
485 3137 617 3183 seame
640 3113 814 3182 conveniri.
841 3111 950 3180 Orem
973 3111 1061 3178 odio·

101 3227 174 3274 sam
204 3207 238 3270 et
262 3203 533 3290 inexplicabilem!
568 3207 648 3292 puto
679 3225 731 3268 me
758 3222 835 3288 ergo
863 3201 998 3287 iturum,
1028 3203 1062 3266 et

174 3432 226 3502 Ep.
245 3439 270 3502 4,
289 3439 315 3488 8.
339 3431 404 3489 incl.
422 3433 455 3488 io
471 3433 597 3488 medullis
615 3431 701 3501 (Ἧι
719 3461 753 3474 -
771 3436 888 3486 manant
906 3431 967 3500 (vc,
985 3427 1061 3497 Ml).

101 3508 214 3560 moneat
232 3505 258 3576 β,
276 3511 324 3573 aa,
342 3520 376 3572 a,
393 3503 424 3558 B.
450 3509 579 3558 maneant
596 3503 630 3557 R.
667 3508 691 3556 a.
706 3503 843 3572 potuisses
862 3501 938 3572 (aa,
956 3499 1060 3571 uulgo).

98 3575 222 3645 potiusne
239 3573 299 3629 Ml.
318 3575 441 3644 potuisse
457 3573 518 3642 Ma,
535 3585 567 3644 ψ.
586 3578 612 3628 te
627 3573 748 3644 potense
766 3573 850 3644 (Wll
