2484 3974
236 253 496 311 EPISTOLARUM
513 255 563 310 AD
581 255 745 312 ATTICUM
764 253 810 310 IX.
830 262 856 311 6.
963 253 1028 318 309

90 419 150 463 eum
170 400 318 465 uxoribus
341 403 375 465 et
396 400 514 466 liberis.
554 397 785 466 Conscendisse
809 399 926 466 dicitur
948 420 976 464 a.
998 398 1028 463 d.

89 505 138 552 1111.
156 485 266 554 Nonas
288 487 437 553 Martias:
468 509 508 554 er
537 509 575 554 ea
597 489 648 553 die
670 489 761 554 fuere
784 488 1028 572 septemtriones

88 577 169 641 cendi.
199 575 317 660 Nares,
339 576 455 661 quibus
469 599 546 642 usus
569 599 636 642 non
658 579 717 661 est,
740 597 851 642 omnes
865 579 923 641 aut
937 597 1029 660 prae·

87 664 186 730 cidisse
212 668 269 730 aut
295 665 475 730 incendisse
503 664 641 731 dicunt.“
684 664 734 730 De
760 665 823 729 hac
844 685 880 729 re
902 664 1028 729 litterae

86 750 113 816 l.
132 751 260 818 Metello
283 753 414 819 tribuno
441 756 484 839 pl.
507 752 652 839 Capuam
675 753 792 818 allatae
816 756 892 818 sunt
914 747 1028 836 a'Clo-

86 840 129 904 dia
149 861 251 926 socru,
272 862 354 926 quae
376 843 449 927 ipsa
469 843 608 909 transiit.
651 841 738 907 Ante
761 839 918 907 sollicitus
941 861 1056 906 eramo

85 932 111 992 et
129 929 283 1015 angebar,
314 929 398 996 sicut
423 952 475 996 res
502 931 623 996 scilieet
649 931 722 1014 ipsa
747 930 898 1015 cogebat,
930 950 1029 1014 quum

85 1018 204 1083 consilio
228 1017 386 1103 explicare
408 1019 492 1084 nihil
513 1039 655 1104 possem3
683 1039 770 1083 nunc
792 1020 915 1102 autem,
940 1021 1028 1102 post-

85 1126 168 1188 quam
189 1105 363 1190 Pompeius
386 1110 419 1172 et
434 1108 582 1173 consules
605 1127 644 1172 er
665 1105 762 1172 Italia
784 1106 939 1191 exierunt,
961 1126 1029 1171 non

84 1214 183 1280 angor,
205 1193 262 1260 sed
284 1194 381 1262 ardeo
405 1195 523 1281 dolore,

209 1349 211 1354 ·
392 1360 395 1365 -
720 1312 804 1386 odos
822 1342 879 1403 μοι
902 1307 983 1404 ἦτορ

161 1407 316 1491 ἔμπεδον,
339 1401 413 1473 ἀλλ’
439 1401 664 1494 ἀλαλύκτημαι
687 1445 743 1491 -,

85 1549 142 1596 non
163 1553 244 1616 sum,
265 1531 408 1616 inquam,
429 1532 509 1596 mihi
532 1533 634 1617 crede,
656 1531 775 1598 mentis
789 1553 935 1617 compos:
957 1535 1028 1595 tan·

85 1621 144 1683 tum
174 1620 255 1686 mihi
286 1619 449 1686 dedecoris
480 1620 648 1686 admisisse
678 1621 801 1686 videor:
837 1641 930 1686 mene
961 1641 1030 1685 non

84 1706 209 1788 primum
236 1728 310 1774 eum
337 1707 504 1794 Pompeio,
535 1709 759 1795 qualicumque
789 1708 924 1775 consilio
950 1729 1029 1774 usus

84 1799 134 1870 ct,
163 1796 276 1862 deinde
299 1817 373 1862 cum
394 1797 489 1863 bonis
512 1809 595 1884 esse,
622 1798 767 1883 quamvis
790 1819 888 1863 causa
909 1800 1029 1863 temere

85 1882 243 1950 instituta?
278 1886 467 1970 praesertim
501 1908 600 1972 quum
630 1887 655 1951 ii
686 1886 762 1972 ipsi,
798 1907 936 1972 quorum
968 1906 1029 1972 ego

85 1991 170 2038 eausa
183 1973 327 2038 timidius
343 1995 393 2039 me
406 1975 557 2041 fortunae
571 1975 821 2059 committebam,
842 1996 932 2058 uxor,
954 1973 1030 2057 filia,

86 2055 242 2127 Cicerones
264 2063 369 2147 pueri,
391 2085 443 2128 me
465 2064 546 2129 illud
569 2063 659 2148 sequi
680 2063 829 2147 mallent,
850 2062 913 2128 hoc
934 2064 1029 2146 turpe

86 2151 114 2211 et
140 2171 187 2216 me
218 2151 389 2236 indignum
420 2155 586 2237 putarent3
621 2173 699 2216 nam
730 2149 869 2226 Quintus
901 2149 1030 2234 quidem

86 2234 182 2323 frater,
203 2239 360 2324 quidquid
381 2239 460 2306 mihi
482 2241 636 2326 placeret,
657 2239 692 2304 id
713 2242 836 2305 rectum
859 2259 893 2304 se
915 2240 1029 2323 putare

86 2323 189 2410 aicbat,
209 2327 243 2392 id
266 2328 374 2393 animo
398 2329 590 2414 aequissimo
614 2328 816 2413 sequebatur.
842 2326 929 2392 Tuas
942 2342 1057 2392 nunes

85 2412 226 2496 epistolas
249 2437 269 2480 a
290 2417 395 2501 primo
417 2418 500 2504 lego.
535 2415 607 2482 Hae
629 2439 680 2482 me
703 2417 847 2502 paullum
868 2418 1029 2482 recreant:

85 2501 194 2584 primae
216 2508 351 2571 monent
374 2508 406 2570 et
428 2509 556 2592 rogant,
577 2527 619 2572 ne
642 2527 692 2571 me
715 2505 895 2590 proiiciem3
925 2503 1029 2589 proxi·

85 2609 147 2656 mae
168 2592 307 2678 gaudere
329 2596 363 2658 te
377 2594 553 2659 ostendunt
566 2616 616 2660 me
631 2595 838 2660 remansisse:
862 2615 916 2659 ess
930 2615 1030 2678 quum

84 2675 162 2764 lego,
192 2681 299 2746 minus
321 2681 402 2747 mihi
424 2683 528 2768 turpis
550 2682 676 2768 videor,
707 2682 763 2749 sed
785 2683 922 2770 tamdiu,
953 2683 1030 2747 dum

83 2764 161 2852 lego;
184 2769 298 2834 deinde
321 2771 458 2856 emergit
479 2792 607 2836 rursum
629 2769 770 2837 doloret
792 2771 931 2857 αἰσχροῦ
944 2793 1030 2854 φαα-

83 2859 179 2922 τασία.
212 2857 428 2934 Quamobrem
451 2859 583 2926 obsecro
605 2863 648 2944 te,
670 2861 716 2924 mi
737 2858 819 2945 Tite,
842 2860 928 2943 eripe
950 2858 1030 2922 mihi

84 2940 160 3010 hunc
190 2945 334 3012 dolorem
361 2950 418 3013 aut
443 2947 552 3013 minue
584 2947 699 3013 saltem
726 2951 783 3012 aut
809 2946 1029 3013 consolatione

85 3035 135 3096 eut
155 3034 288 3101 consilio
311 3039 368 3101 aut
382 3056 581 3121 quacumque
595 3057 629 3101 re
652 3040 758 3121 potes3
781 3035 857 3119 quid
871 3037 907 3099 tu
922 3037 1030 3099 autmn

85 3121 201 3202 possis?
233 3126 290 3189 aut
317 3123 394 3208 quid
420 3123 518 3190 homo
546 3124 739 3209 quisquam?
770 3123 824 3188 vix
850 3123 916 3187 iam
943 3122 1029 3187 deus.

85 3203 232 3292 Equidem
262 3211 343 3277 illud
369 3213 498 3298 molior,
528 3212 615 3297 quod
644 3216 681 3277 tu
712 3232 825 3278 mones
857 3228 1057 3295 sperasquee

84 3293 145 3361 lieri
157 3320 259 3384 posse,
282 3303 320 3364 ut
332 3299 412 3365 mihi
426 3297 545 3366 Caesar
558 3299 722 3385 concedet,
744 3299 908 3384 oteheim,
931 3320 1029 3384 quum

145 3525 195 3596 Ep.
211 3533 235 3595 6,
255 3533 280 3582 4.
299 3543 366 3583 aare
384 3534 422 3584 eet
440 3529 515 3598 (Ψ).
534 3546 562 3584 α.
580 3529 617 3584 cit
634 3527 653 3583 l.
667 3545 724 3599 mg.
741 3533 817 3583 1584.
836 3541 903 3582 usuc
920 3525 1027 3599 remp.

86 3605 177 3664 reem,
188 3597 217 3651 B.
242 3605 266 3653 5.
282 3599 352 3668 lopo:
366 3616 411 3654 eae
426 3599 511 3670 (W.)?
526 3630 558 3640 -
575 3599 653 3654 dolor
666 3615 699 3654 ce
712 3593 740 3654 d.
755 3599 899 3672 φαντασίᾳ
913 3597 1029 3669 (Gemit
