<?xml version="1.0" encoding="UTF-8"?>
<!DOCTYPE html PUBLIC "-//W3C//DTD XHTML 1.0 Transitional//EN"
    "http://www.w3.org/TR/xhtml1/DTD/xhtml1-transitional.dtd">
<html xmlns="http://www.w3.org/1999/xhtml" xml:lang="en" lang="en">
 <head>
  <title>
</title>
<meta http-equiv="Content-Type" content="text/html;charset=utf-8" />
  <meta name='ocr-system' content='tesseract 3.04.00' />
  <meta name='ocr-capabilities' content='ocr_page ocr_carea ocr_par ocr_line ocrx_word'/>
</head>
<body>
  <div class='ocr_page' id='page_1' title='image "./epistolae01wesegoog_0528.png"; bbox 0 0 2594 3976; ppageno 0'>
   <div class='ocr_carea' id='block_1_1' title="bbox 222 221 897 300">
    <p class='ocr_par' dir='ltr' id='par_1_1' title="bbox 222 221 897 300">
     <span class='ocr_line' id='line_1_1' title="bbox 222 221 897 300; baseline -0.012 0"><span class='ocrx_word' id='word_1_1' title='bbox 222 235 287 300; x_wconf 81' lang='lat'><strong>518</strong></span> <span class='ocrx_word' id='word_1_2' title='bbox 506 221 897 292; x_wconf 77' lang='lat' dir='ltr'><strong>n.ronouo1cnsos1s</strong></span> 
     </span>
    </p>
   </div>
   <div class='ocr_carea' id='block_1_2' title="bbox 221 377 1274 467">
    <p class='ocr_par' dir='ltr' id='par_1_2' title="bbox 221 377 1274 467">
     <span class='ocr_line' id='line_1_2' title="bbox 221 377 1274 467; baseline 0.003 -21"><span class='ocrx_word' id='word_1_3' title='bbox 221 379 333 465; x_wconf 85' lang='lat' dir='ltr'><strong>fundo,</strong></span> <span class='ocrx_word' id='word_1_4' title='bbox 356 379 469 464; x_wconf 76' lang='lat' dir='ltr'><strong>scripsi</strong></span> <span class='ocrx_word' id='word_1_5' title='bbox 491 379 530 445; x_wconf 88' lang='lat' dir='ltr'><strong>de</strong></span> <span class='ocrx_word' id='word_1_6' title='bbox 544 377 732 467; x_wconf 75' lang='lat' dir='ltr'>Censorino,</span> <span class='ocrx_word' id='word_1_7' title='bbox 754 380 793 446; x_wconf 91' lang='lat' dir='ltr'><strong>de</strong></span> <span class='ocrx_word' id='word_1_8' title='bbox 806 379 968 466; x_wconf 74' lang='lat' dir='ltr'><strong>Messalla,</strong></span> <span class='ocrx_word' id='word_1_9' title='bbox 990 381 1030 446; x_wconf 88' lang='lat' dir='ltr'><strong>de</strong></span> <span class='ocrx_word' id='word_1_10' title='bbox 1048 381 1171 466; x_wconf 82' lang='lat' dir='ltr'><strong>Planco,</strong></span> <span class='ocrx_word' id='word_1_11' title='bbox 1273 439 1274 450; x_wconf 71' lang='grc'>,</span> 
     </span>
    </p>
   </div>
   <div class='ocr_carea' id='block_1_3' title="bbox 197 467 1172 732">
    <p class='ocr_par' dir='ltr' id='par_1_3' title="bbox 197 467 1172 732">
     <span class='ocr_line' id='line_1_3' title="bbox 223 467 1170 554; baseline 0.003 -22"><span class='ocrx_word' id='word_1_12' title='bbox 223 468 262 532; x_wconf 92' lang='lat' dir='ltr'><strong>de</strong></span> <span class='ocrx_word' id='word_1_13' title='bbox 276 467 443 552; x_wconf 76' lang='lat' dir='ltr'><strong>Postumo,</strong></span> <span class='ocrx_word' id='word_1_14' title='bbox 465 468 505 534; x_wconf 88' lang='lat' dir='ltr'><strong>de</strong></span> <span class='ocrx_word' id='word_1_15' title='bbox 528 489 644 554; x_wconf 81' lang='lat' dir='ltr'><strong>genero</strong></span> <span class='ocrx_word' id='word_1_16' title='bbox 667 473 750 534; x_wconf 89' lang='lat' dir='ltr'><strong>toto:</strong></span> <span class='ocrx_word' id='word_1_17' title='bbox 773 469 887 534; x_wconf 89' lang='lat' dir='ltr'><strong>melius</strong></span> <span class='ocrx_word' id='word_1_18' title='bbox 903 469 967 535; x_wconf 84' lang='lat' dir='ltr'><strong>fuit</strong></span> <span class='ocrx_word' id='word_1_19' title='bbox 989 471 1108 554; x_wconf 88' lang='lat' dir='ltr'><strong>perisse</strong></span> <span class='ocrx_word' id='word_1_20' title='bbox 1120 469 1170 535; x_wconf 89' lang='lat' dir='ltr'><strong>illo</strong></span> 
     </span>
     <span class='ocr_line' id='line_1_4' title="bbox 222 556 1172 642; baseline 0.002 -22"><span class='ocrx_word' id='word_1_21' title='bbox 222 556 393 622; x_wconf 82' lang='lat' dir='ltr'><strong>interfecto</strong></span> <span class='ocrx_word' id='word_1_22' title='bbox 426 593 468 604; x_wconf 93' lang='lat'>-</span> <span class='ocrx_word' id='word_1_23' title='bbox 500 557 586 642; x_wconf 89' lang='lat' dir='ltr'><strong>quod</strong></span> <span class='ocrx_word' id='word_1_24' title='bbox 617 579 783 642; x_wconf 89' lang='lat' dir='ltr'><strong>nunquam</strong></span> <span class='ocrx_word' id='word_1_25' title='bbox 815 556 983 623; x_wconf 86' lang='lat' dir='ltr'><strong>accidisset</strong></span> <span class='ocrx_word' id='word_1_26' title='bbox 1013 595 1055 606; x_wconf 87' lang='lat'><em>-</em></span> <span class='ocrx_word' id='word_1_27' title='bbox 1085 579 1172 642; x_wconf 89' lang='lat' dir='ltr'><strong>quam</strong></span> 
     </span>
     <span class='ocr_line' id='line_1_5' title="bbox 197 644 1172 732; baseline 0.004 -26"><span class='ocrx_word' id='word_1_28' title='bbox 197 645 303 710; x_wconf 76' lang='lat' dir='ltr'><strong>ahaec</strong></span> <span class='ocrx_word' id='word_1_29' title='bbox 330 645 446 710; x_wconf 79' lang='lat' dir='ltr'><strong>videre.</strong></span> <span class='ocrx_word' id='word_1_30' title='bbox 491 644 643 710; x_wconf 82' lang='lat' dir='ltr'><strong>Octavius</strong></span> <span class='ocrx_word' id='word_1_31' title='bbox 670 645 843 732; x_wconf 81' lang='lat' dir='ltr'><strong>Neapolim</strong></span> <span class='ocrx_word' id='word_1_32' title='bbox 871 646 961 711; x_wconf 85' lang='lat' dir='ltr'><strong>venit</strong></span> <span class='ocrx_word' id='word_1_33' title='bbox 987 663 1071 712; x_wconf 84' lang='lat' dir='ltr'><strong>xmr.</strong></span> <span class='ocrx_word' id='word_1_34' title='bbox 1093 645 1172 712; x_wconf 85' lang='lat' dir='ltr'><strong>Kal:</strong></span> 
     </span>
    </p>
   </div>
   <div class='ocr_carea' id='block_1_4' title="bbox 223 729 1275 822">
    <p class='ocr_par' dir='ltr' id='par_1_4' title="bbox 223 729 1275 822">
     <span class='ocr_line' id='line_1_6' title="bbox 223 729 1275 822; baseline 0.002 -24"><span class='ocrx_word' id='word_1_35' title='bbox 223 732 270 798; x_wconf 91' lang='lat' dir='ltr'><strong>ibi</strong></span> <span class='ocrx_word' id='word_1_36' title='bbox 291 754 365 798; x_wconf 93' lang='lat' dir='ltr'><strong>eum</strong></span> <span class='ocrx_word' id='word_1_37' title='bbox 388 729 509 798; x_wconf 62' lang='lat' dir='ltr'><strong>Balb&#39;us</strong></span> <span class='ocrx_word' id='word_1_38' title='bbox 532 753 627 798; x_wconf 87' lang='lat' dir='ltr'><strong>mane</strong></span> <span class='ocrx_word' id='word_1_39' title='bbox 649 735 817 820; x_wconf 87' lang='lat' dir='ltr'><strong>postridie,</strong></span> <span class='ocrx_word' id='word_1_40' title='bbox 845 733 1020 820; x_wconf 81' lang='lat' dir='ltr'><strong>eodemque</strong></span> <span class='ocrx_word' id='word_1_41' title='bbox 1044 734 1095 800; x_wconf 88' lang='lat' dir='ltr'><strong>dio</strong></span> <span class='ocrx_word' id='word_1_42' title='bbox 1116 753 1175 800; x_wconf 89' lang='lat' dir='ltr'><strong>me·</strong></span> <span class='ocrx_word' id='word_1_43' title='bbox 1274 757 1275 822; x_wconf 55' lang='lat' dir='ltr'>j</span> 
     </span>
    </p>
   </div>
   <div class='ocr_carea' id='block_1_5' title="bbox 224 819 1177 998">
    <p class='ocr_par' dir='ltr' id='par_1_5' title="bbox 224 819 1177 998">
     <span class='ocr_line' id='line_1_7' title="bbox 224 819 1176 908; baseline 0.001 -21"><span class='ocrx_word' id='word_1_44' title='bbox 224 842 297 887; x_wconf 90' lang='lat' dir='ltr'><strong>oum</strong></span> <span class='ocrx_word' id='word_1_45' title='bbox 318 822 354 885; x_wconf 90' lang='lat' dir='ltr'><strong>in</strong></span> <span class='ocrx_word' id='word_1_46' title='bbox 377 819 538 904; x_wconf 79' lang='lat' dir='ltr'><strong>Cumano,</strong></span> <span class='ocrx_word' id='word_1_47' title='bbox 561 822 652 887; x_wconf 91' lang='lat' dir='ltr'><strong>illum</strong></span> <span class='ocrx_word' id='word_1_48' title='bbox 675 822 885 888; x_wconf 70' lang='lat' dir='ltr'><strong>hereditatem</strong></span> <span class='ocrx_word' id='word_1_49' title='bbox 908 823 1086 908; x_wconf 71' lang='lat' dir='ltr'><strong>aditurum,</strong></span> <span class='ocrx_word' id='word_1_50' title='bbox 1118 821 1176 906; x_wconf 83' lang='lat' dir='ltr'><strong>sed,</strong></span> 
     </span>
     <span class='ocr_line' id='line_1_8' title="bbox 224 909 1177 998; baseline -0.001 -23"><span class='ocrx_word' id='word_1_51' title='bbox 224 913 262 976; x_wconf 88' lang='lat' dir='ltr'><strong>ut</strong></span> <span class='ocrx_word' id='word_1_52' title='bbox 283 909 406 996; x_wconf 89' lang='lat' dir='ltr'><strong>scribis,</strong></span> <span class='ocrx_word' id='word_1_53' title='bbox 429 911 451 990; x_wconf 89' lang='lat'>†</span> <span class='ocrx_word' id='word_1_54' title='bbox 474 909 736 984; x_wconf 74' lang='grc' dir='ltr'><em>ΡΙΞΟΘΕΜΙΝ</em></span> <span class='ocrx_word' id='word_1_55' title='bbox 753 933 907 998; x_wconf 85' lang='lat' dir='ltr'><strong>magnam</strong></span> <span class='ocrx_word' id='word_1_56' title='bbox 930 933 1003 977; x_wconf 89' lang='lat' dir='ltr'><strong>oum</strong></span> <span class='ocrx_word' id='word_1_57' title='bbox 1026 910 1177 977; x_wconf 85' lang='lat' dir='ltr'><strong>Antonio.</strong></span> 
     </span>
    </p>
   </div>
   <div class='ocr_carea' id='block_1_6' title="bbox 224 997 1276 1174">
    <p class='ocr_par' dir='ltr' id='par_1_6' title="bbox 224 997 1276 1174">
     <span class='ocr_line' id='line_1_9' title="bbox 224 997 1276 1084; baseline 0.004 -22"><span class='ocrx_word' id='word_1_58' title='bbox 224 997 398 1064; x_wconf 82' lang='lat' dir='ltr'><strong>Buthrotia</strong></span> <span class='ocrx_word' id='word_1_59' title='bbox 420 997 501 1063; x_wconf 91' lang='lat' dir='ltr'><strong>mihi</strong></span> <span class='ocrx_word' id='word_1_60' title='bbox 522 1002 580 1064; x_wconf 87' lang='lat' dir='ltr'><strong>tua</strong></span> <span class='ocrx_word' id='word_1_61' title='bbox 601 1020 653 1064; x_wconf 88' lang='lat' dir='ltr'><strong>res</strong></span> <span class='ocrx_word' id='word_1_62' title='bbox 673 1003 732 1084; x_wconf 83' lang='lat' dir='ltr'><strong>est,</strong></span> <span class='ocrx_word' id='word_1_63' title='bbox 754 1003 792 1064; x_wconf 89' lang='lat' dir='ltr'><strong>ut</strong></span> <span class='ocrx_word' id='word_1_64' title='bbox 806 999 900 1065; x_wconf 87' lang='lat' dir='ltr'><strong>debet</strong></span> <span class='ocrx_word' id='word_1_65' title='bbox 931 1001 1055 1084; x_wconf 85' lang='lat' dir='ltr'><strong>eritque</strong></span> <span class='ocrx_word' id='word_1_66' title='bbox 1080 997 1178 1066; x_wconf 85' lang='lat' dir='ltr'><strong>curae.</strong></span> <span class='ocrx_word' id='word_1_67' title='bbox 1275 1021 1276 1076; x_wconf 54' lang='lat' dir='ltr'><strong>t</strong></span> 
     </span>
     <span class='ocr_line' id='line_1_10' title="bbox 225 1049 1276 1174; baseline 0.002 -24"><span class='ocrx_word' id='word_1_68' title='bbox 225 1085 318 1163; x_wconf 85' lang='lat' dir='ltr'><strong>Quod</strong></span> <span class='ocrx_word' id='word_1_69' title='bbox 349 1088 489 1172; x_wconf 88' lang='lat' dir='ltr'><strong>quaeris,</strong></span> <span class='ocrx_word' id='word_1_70' title='bbox 523 1087 630 1152; x_wconf 87' lang='lat' dir='ltr'><strong>iamne</strong></span> <span class='ocrx_word' id='word_1_71' title='bbox 658 1088 699 1152; x_wconf 87' lang='lat' dir='ltr'><strong>ad</strong></span> <span class='ocrx_word' id='word_1_72' title='bbox 729 1091 865 1153; x_wconf 86' lang='lat' dir='ltr'><strong>centena</strong></span> <span class='ocrx_word' id='word_1_73' title='bbox 892 1049 1099 1172; x_wconf 70' lang='lat' dir='ltr'><strong>illusionum,</strong></span> <span class='ocrx_word' id='word_1_74' title='bbox 1131 1088 1179 1152; x_wconf 80' lang='lat' dir='ltr'><strong>ad·</strong></span> <span class='ocrx_word' id='word_1_75' title='bbox 1275 1101 1276 1174; x_wconf 70' lang='lat' dir='ltr'>j</span> 
     </span>
    </p>
   </div>
   <div class='ocr_carea' id='block_1_7' title="bbox 194 1175 1181 1350">
    <p class='ocr_par' dir='ltr' id='par_1_7' title="bbox 194 1175 1181 1350">
     <span class='ocr_line' id='line_1_11' title="bbox 194 1175 1179 1260; baseline 0 -20"><span class='ocrx_word' id='word_1_76' title='bbox 194 1181 202 1258; x_wconf 72' lang='lat' dir='ltr'>j</span> <span class='ocrx_word' id='word_1_77' title='bbox 225 1179 356 1240; x_wconf 85' lang='lat' dir='ltr'><strong>ventare</strong></span> <span class='ocrx_word' id='word_1_78' title='bbox 384 1175 523 1259; x_wconf 61' lang='lat' dir='ltr'><strong>videtum</strong></span> <span class='ocrx_word' id='word_1_79' title='bbox 540 1177 678 1259; x_wconf 74' lang='lat' dir='ltr'><strong>,scilicet</strong></span> <span class='ocrx_word' id='word_1_80' title='bbox 706 1177 810 1260; x_wconf 88' lang='lat' dir='ltr'><strong>primo</strong></span> <span class='ocrx_word' id='word_1_81' title='bbox 839 1197 925 1241; x_wconf 87' lang='lat' dir='ltr'><strong>anno</strong></span> <span class='ocrx_word' id='word_1_82' title='bbox 952 1194 1056 1242; x_wconf 80' lang='lat' dir='ltr'><strong>nxxx.</strong></span> <span class='ocrx_word' id='word_1_83' title='bbox 1080 1175 1179 1241; x_wconf 85' lang='lat' dir='ltr'><strong>‹leter-</strong></span> 
     </span>
     <span class='ocr_line' id='line_1_12' title="bbox 198 1262 1181 1350; baseline 0.003 -24"><span class='ocrx_word' id='word_1_84' title='bbox 198 1263 334 1328; x_wconf 75' lang='lat' dir='ltr'><strong>esimus.</strong></span> <span class='ocrx_word' id='word_1_85' title='bbox 379 1262 415 1340; x_wconf 81' lang='lat' dir='ltr'><strong>Q.</strong></span> <span class='ocrx_word' id='word_1_86' title='bbox 447 1268 539 1348; x_wconf 85' lang='lat' dir='ltr'><strong>pater</strong></span> <span class='ocrx_word' id='word_1_87' title='bbox 570 1264 611 1329; x_wconf 90' lang='lat' dir='ltr'><strong>ad</strong></span> <span class='ocrx_word' id='word_1_88' title='bbox 637 1286 688 1328; x_wconf 93' lang='lat' dir='ltr'><strong>me</strong></span> <span class='ocrx_word' id='word_1_89' title='bbox 718 1264 830 1350; x_wconf 82' lang='lat' dir='ltr'><strong>gravis</strong></span> <span class='ocrx_word' id='word_1_90' title='bbox 860 1265 900 1328; x_wconf 87' lang='lat' dir='ltr'><strong>de</strong></span> <span class='ocrx_word' id='word_1_91' title='bbox 931 1263 1013 1350; x_wconf 92' lang='lat' dir='ltr'><strong>filio,</strong></span> <span class='ocrx_word' id='word_1_92' title='bbox 1045 1265 1181 1330; x_wconf 84' lang='lat' dir='ltr'><strong>maximo</strong></span> 
     </span>
    </p>
   </div>
   <div class='ocr_carea' id='block_1_8' title="bbox 225 1351 1277 1438">
    <p class='ocr_par' dir='ltr' id='par_1_8' title="bbox 225 1351 1277 1438">
     <span class='ocr_line' id='line_1_13' title="bbox 225 1351 1277 1438; baseline 0.003 -23"><span class='ocrx_word' id='word_1_93' title='bbox 225 1351 312 1436; x_wconf 87' lang='lat' dir='ltr'><strong>quod</strong></span> <span class='ocrx_word' id='word_1_94' title='bbox 334 1351 431 1416; x_wconf 84' lang='lat' dir='ltr'><strong>matri</strong></span> <span class='ocrx_word' id='word_1_95' title='bbox 452 1373 539 1418; x_wconf 88' lang='lat' dir='ltr'><strong>nuno</strong></span> <span class='ocrx_word' id='word_1_96' title='bbox 561 1352 738 1438; x_wconf 79' lang='lat' dir='ltr'><strong>indulgeat,</strong></span> <span class='ocrx_word' id='word_1_97' title='bbox 761 1353 813 1418; x_wconf 92' lang='lat' dir='ltr'><strong>cui</strong></span> <span class='ocrx_word' id='word_1_98' title='bbox 827 1356 923 1417; x_wconf 85' lang='lat' dir='ltr'><strong>antea</strong></span> <span class='ocrx_word' id='word_1_99' title='bbox 940 1352 1023 1417; x_wconf 90' lang='lat' dir='ltr'><strong>bene</strong></span> <span class='ocrx_word' id='word_1_100' title='bbox 1047 1353 1182 1418; x_wconf 85' lang='lat' dir='ltr'><strong>merenti</strong></span> <span class='ocrx_word' id='word_1_101' title='bbox 1276 1403 1277 1410; x_wconf 17' lang='grc' dir='ltr'><strong>κ</strong></span> 
     </span>
    </p>
   </div>
   <div class='ocr_carea' id='block_1_9' title="bbox 167 1425 1277 1516">
    <p class='ocr_par' dir='ltr' id='par_1_9' title="bbox 167 1425 1277 1516">
     <span class='ocr_line' id='line_1_14' title="bbox 167 1425 1277 1516; baseline -0.003 -11"><span class='ocrx_word' id='word_1_102' title='bbox 167 1464 174 1479; x_wconf 88' lang='grc'><em>·</em></span> <span class='ocrx_word' id='word_1_103' title='bbox 225 1440 323 1516; x_wconf 85' lang='lat' dir='ltr'><strong>fuerit</strong></span> <span class='ocrx_word' id='word_1_104' title='bbox 342 1440 505 1506; x_wconf 86' lang='lat' dir='ltr'><strong>inimicus:</strong></span> <span class='ocrx_word' id='word_1_105' title='bbox 528 1441 677 1506; x_wconf 82' lang='lat' dir='ltr'><strong>ardentes</strong></span> <span class='ocrx_word' id='word_1_106' title='bbox 691 1441 726 1506; x_wconf 90' lang='lat' dir='ltr'><strong>in</strong></span> <span class='ocrx_word' id='word_1_107' title='bbox 739 1450 813 1506; x_wconf 84' lang='lat' dir='ltr'><strong>eu&#39;m</strong></span> <span class='ocrx_word' id='word_1_108' title='bbox 826 1441 951 1506; x_wconf 75' lang='lat' dir='ltr'><strong>litteras</strong></span> <span class='ocrx_word' id='word_1_109' title='bbox 965 1441 1006 1506; x_wconf 86' lang='lat' dir='ltr'><strong>ad</strong></span> <span class='ocrx_word' id='word_1_110' title='bbox 1020 1461 1073 1506; x_wconf 90' lang='lat' dir='ltr'><strong>me</strong></span> <span class='ocrx_word' id='word_1_111' title='bbox 1088 1441 1182 1506; x_wconf 86' lang='lat' dir='ltr'><strong>misit</strong></span> <span class='ocrx_word' id='word_1_112' title='bbox 1276 1425 1277 1482; x_wconf 51' lang='lat'><em>3</em></span> 
     </span>
    </p>
   </div>
   <div class='ocr_carea' id='block_1_10' title="bbox 225 1527 1181 1772">
    <p class='ocr_par' dir='ltr' id='par_1_10' title="bbox 225 1527 1181 1772">
     <span class='ocr_line' id='line_1_15' title="bbox 225 1527 1181 1614; baseline 0.002 -22"><span class='ocrx_word' id='word_1_113' title='bbox 225 1527 284 1592; x_wconf 93' lang='lat' dir='ltr'><strong>Ille</strong></span> <span class='ocrx_word' id='word_1_114' title='bbox 307 1533 416 1593; x_wconf 87' lang='lat' dir='ltr'><strong>autem</strong></span> <span class='ocrx_word' id='word_1_115' title='bbox 438 1529 515 1613; x_wconf 88' lang='lat' dir='ltr'><strong>quid</strong></span> <span class='ocrx_word' id='word_1_116' title='bbox 545 1531 635 1614; x_wconf 78' lang='lat' dir='ltr'><strong>agat,</strong></span> <span class='ocrx_word' id='word_1_117' title='bbox 668 1529 696 1594; x_wconf 88' lang='lat' dir='ltr'><strong>si</strong></span> <span class='ocrx_word' id='word_1_118' title='bbox 724 1529 785 1594; x_wconf 86' lang='lat' dir='ltr'><strong>sois</strong></span> <span class='ocrx_word' id='word_1_119' title='bbox 812 1529 994 1614; x_wconf 86' lang='lat' dir='ltr'><strong>nequedum</strong></span> <span class='ocrx_word' id='word_1_120' title='bbox 1021 1529 1129 1594; x_wconf 86' lang='lat' dir='ltr'><strong>Roma</strong></span> <span class='ocrx_word' id='word_1_121' title='bbox 1150 1549 1181 1594; x_wconf 87' lang='lat' dir='ltr'><strong>es</strong></span> 
     </span>
     <span class='ocr_line' id='line_1_16' title="bbox 225 1616 1181 1704; baseline 0.002 -24"><span class='ocrx_word' id='word_1_122' title='bbox 225 1616 403 1700; x_wconf 88' lang='lat' dir='ltr'><strong>profectus,</strong></span> <span class='ocrx_word' id='word_1_123' title='bbox 426 1617 547 1682; x_wconf 82' lang='lat' dir='ltr'><strong>scribas</strong></span> <span class='ocrx_word' id='word_1_124' title='bbox 570 1618 611 1681; x_wconf 87' lang='lat' dir='ltr'><strong>ad</strong></span> <span class='ocrx_word' id='word_1_125' title='bbox 633 1638 685 1682; x_wconf 93' lang='lat' dir='ltr'><strong>me</strong></span> <span class='ocrx_word' id='word_1_126' title='bbox 707 1617 804 1682; x_wconf 81' lang='lat' dir='ltr'><strong>velim</strong></span> <span class='ocrx_word' id='word_1_127' title='bbox 827 1621 860 1681; x_wconf 91' lang='lat' dir='ltr'><strong>et</strong></span> <span class='ocrx_word' id='word_1_128' title='bbox 881 1616 1024 1704; x_wconf 86' lang='lat' dir='ltr'><strong>hercule,</strong></span> <span class='ocrx_word' id='word_1_129' title='bbox 1057 1619 1086 1684; x_wconf 87' lang='lat' dir='ltr'><strong>si</strong></span> <span class='ocrx_word' id='word_1_130' title='bbox 1109 1617 1181 1704; x_wconf 86' lang='lat' dir='ltr'><strong>quid</strong></span> 
     </span>
     <span class='ocr_line' id='line_1_17' title="bbox 226 1703 957 1772; baseline 0.003 -4"><span class='ocrx_word' id='word_1_131' title='bbox 226 1703 327 1769; x_wconf 84' lang='lat' dir='ltr'><strong>aliud:</strong></span> <span class='ocrx_word' id='word_1_132' title='bbox 353 1705 561 1770; x_wconf 82' lang='lat' dir='ltr'><strong>vehementer</strong></span> <span class='ocrx_word' id='word_1_133' title='bbox 581 1703 723 1771; x_wconf 87' lang='lat' dir='ltr'><strong>delector</strong></span> <span class='ocrx_word' id='word_1_134' title='bbox 744 1704 810 1771; x_wconf 87' lang='lat' dir='ltr'><strong>tuis</strong></span> <span class='ocrx_word' id='word_1_135' title='bbox 831 1705 957 1772; x_wconf 83' lang='lat' dir='ltr'><strong>litteris.</strong></span> 
     </span>
    </p>
   </div>
   <div class='ocr_carea' id='block_1_11' title="bbox 676 1897 733 1966">
    <p class='ocr_par' dir='ltr' id='par_1_11' title="bbox 676 1897 733 1966">
     <span class='ocr_line' id='line_1_18' title="bbox 676 1897 733 1966; baseline -0.018 0"><span class='ocrx_word' id='word_1_136' title='bbox 676 1897 733 1966; x_wconf 83' lang='lat' dir='ltr'><strong>XL</strong></span> 
     </span>
    </p>
   </div>
   <div class='ocr_carea' id='block_1_12' title="bbox 261 2019 1149 2185">
    <p class='ocr_par' dir='ltr' id='par_1_12' title="bbox 261 2019 1149 2185">
     <span class='ocr_line' id='line_1_19' title="bbox 261 2019 1149 2078; baseline -0.003 0"><span class='ocrx_word' id='word_1_137' title='bbox 261 2020 320 2078; x_wconf 78' lang='lat' dir='ltr'><strong>Sor.</strong></span> <span class='ocrx_word' id='word_1_138' title='bbox 337 2021 368 2078; x_wconf 89' lang='lat' dir='ltr'><strong>in</strong></span> <span class='ocrx_word' id='word_1_139' title='bbox 385 2020 510 2078; x_wconf 79' lang='lat' dir='ltr'><strong>Cumano</strong></span> <span class='ocrx_word' id='word_1_140' title='bbox 528 2038 553 2076; x_wconf 77' lang='lat' dir='ltr'><strong>a,</strong></span> <span class='ocrx_word' id='word_1_141' title='bbox 572 2020 598 2075; x_wconf 86' lang='lat' dir='ltr'><strong>d.</strong></span> <span class='ocrx_word' id='word_1_142' title='bbox 617 2020 665 2078; x_wconf 80' lang='lat' dir='ltr'><strong>XI.</strong></span> <span class='ocrx_word' id='word_1_143' title='bbox 683 2020 825 2076; x_wconf 73' lang='lat' dir='ltr'><strong>Kalendas</strong></span> <span class='ocrx_word' id='word_1_144' title='bbox 843 2019 934 2076; x_wconf 74' lang='lat' dir='ltr'><strong>Maias</strong></span> <span class='ocrx_word' id='word_1_145' title='bbox 953 2035 977 2076; x_wconf 83' lang='lat' dir='ltr'><strong>a</strong></span> <span class='ocrx_word' id='word_1_146' title='bbox 996 2038 1023 2074; x_wconf 81' lang='lat' dir='ltr'><strong>u</strong></span> <span class='ocrx_word' id='word_1_147' title='bbox 1043 2037 1068 2075; x_wconf 87' lang='lat' dir='ltr'><strong>o.</strong></span> <span class='ocrx_word' id='word_1_148' title='bbox 1088 2025 1149 2076; x_wconf 70' lang='lat'><strong>⁵110.</strong></span> 
     </span>
     <span class='ocr_line' id='line_1_20' title="bbox 515 2125 892 2185; baseline -0.005 -1"><span class='ocrx_word' id='word_1_149' title='bbox 515 2125 645 2185; x_wconf 74' lang='lat' dir='ltr'><strong>clonae</strong></span> <span class='ocrx_word' id='word_1_150' title='bbox 664 2125 797 2183; x_wconf 76' lang='lat' dir='ltr'><strong>Arrlco</strong></span> <span class='ocrx_word' id='word_1_151' title='bbox 815 2125 892 2182; x_wconf 79' lang='lat' dir='ltr'>SAL.</span> 
     </span>
    </p>
   </div>
   <div class='ocr_carea' id='block_1_13' title="bbox 200 2181 1279 2321">
    <p class='ocr_par' dir='ltr' id='par_1_13' title="bbox 200 2181 1279 2321">
     <span class='ocr_line' id='line_1_21' title="bbox 200 2181 1279 2321; baseline -0.002 -21"><span class='ocrx_word' id='word_1_152' title='bbox 200 2256 213 2300; x_wconf 88' lang='grc' dir='ltr'>ι</span> <span class='ocrx_word' id='word_1_153' title='bbox 293 2235 420 2302; x_wconf 89' lang='lat' dir='ltr'><strong>Nudins</strong></span> <span class='ocrx_word' id='word_1_154' title='bbox 441 2235 556 2301; x_wconf 86' lang='lat' dir='ltr'><strong>tertius</strong></span> <span class='ocrx_word' id='word_1_155' title='bbox 579 2234 652 2300; x_wconf 85' lang='lat' dir='ltr'><strong>dedi</strong></span> <span class='ocrx_word' id='word_1_156' title='bbox 678 2235 720 2299; x_wconf 87' lang='lat' dir='ltr'><strong>ad</strong></span> <span class='ocrx_word' id='word_1_157' title='bbox 742 2238 775 2300; x_wconf 84' lang='lat' dir='ltr'><strong>te</strong></span> <span class='ocrx_word' id='word_1_158' title='bbox 798 2235 967 2321; x_wconf 86' lang='lat' dir='ltr'><strong>epistolam</strong></span> <span class='ocrx_word' id='word_1_159' title='bbox 989 2233 1047 2300; x_wconf 91' lang='lat' dir='ltr'><strong>lon</strong></span> <span class='ocrx_word' id='word_1_160' title='bbox 1073 2234 1186 2300; x_wconf 76' lang='lat' dir='ltr'><strong>&#39;oremt</strong></span> <span class='ocrx_word' id='word_1_161' title='bbox 1278 2181 1279 2220; x_wconf 24' lang='lat' dir='ltr'><strong>i</strong></span> 
     </span>
    </p>
   </div>
   <div class='ocr_carea' id='block_1_14' title="bbox 227 2321 1189 3118">
    <p class='ocr_par' dir='ltr' id='par_1_14' title="bbox 227 2321 1189 3118">
     <span class='ocr_line' id='line_1_22' title="bbox 227 2321 1186 2409; baseline -0.002 -19"><span class='ocrx_word' id='word_1_162' title='bbox 227 2346 314 2390; x_wconf 88' lang='lat' dir='ltr'><strong>nuno</strong></span> <span class='ocrx_word' id='word_1_163' title='bbox 328 2326 368 2391; x_wconf 89' lang='lat' dir='ltr'><strong>ad</strong></span> <span class='ocrx_word' id='word_1_164' title='bbox 382 2347 430 2409; x_wconf 90' lang='lat' dir='ltr'><strong>ea,</strong></span> <span class='ocrx_word' id='word_1_165' title='bbox 443 2345 525 2409; x_wconf 87' lang='lat' dir='ltr'><strong>quae</strong></span> <span class='ocrx_word' id='word_1_166' title='bbox 539 2323 692 2408; x_wconf 87' lang='lat' dir='ltr'><strong>proxime.</strong></span> <span class='ocrx_word' id='word_1_167' title='bbox 720 2321 827 2388; x_wconf 89' lang='lat' dir='ltr'><strong>Velim</strong></span> <span class='ocrx_word' id='word_1_168' title='bbox 840 2323 1031 2408; x_wconf 86' lang='lat' dir='ltr'><strong>mehercule,</strong></span> <span class='ocrx_word' id='word_1_169' title='bbox 1078 2325 1186 2388; x_wconf 88' lang='lat' dir='ltr'><strong>sturae</strong></span> 
     </span>
     <span class='ocr_line' id='line_1_23' title="bbox 227 2406 1186 2480; baseline -0.004 -1"><span class='ocrx_word' id='word_1_170' title='bbox 227 2413 357 2480; x_wconf 88' lang='lat' dir='ltr'><strong>Brutus.</strong></span> <span class='ocrx_word' id='word_1_171' title='bbox 398 2406 595 2478; x_wconf 78' lang='grc' dir='ltr'><strong><em>Ἀκολασίαν</em></strong></span> <span class='ocrx_word' id='word_1_172' title='bbox 620 2411 757 2476; x_wconf 88' lang='lat' dir='ltr'><strong>istorum</strong></span> <span class='ocrx_word' id='word_1_173' title='bbox 787 2411 909 2476; x_wconf 80' lang='lat' dir='ltr'><strong>scribis.</strong></span> <span class='ocrx_word' id='word_1_174' title='bbox 953 2409 1008 2475; x_wconf 87' lang='lat' dir='ltr'><strong>An</strong></span> <span class='ocrx_word' id='word_1_175' title='bbox 1031 2411 1186 2476; x_wconf 85' lang='lat' dir='ltr'><strong>censebas</strong></span> 
     </span>
     <span class='ocr_line' id='line_1_24' title="bbox 228 2495 1186 2586; baseline -0.002 -20"><span class='ocrx_word' id='word_1_176' title='bbox 228 2501 343 2566; x_wconf 77' lang='lat' dir='ltr'><strong>aliter?</strong></span> <span class='ocrx_word' id='word_1_177' title='bbox 365 2501 512 2586; x_wconf 84' lang='lat' dir='ltr'><strong>equidem</strong></span> <span class='ocrx_word' id='word_1_178' title='bbox 526 2501 624 2564; x_wconf 89' lang='lat' dir='ltr'><strong>etiam</strong></span> <span class='ocrx_word' id='word_1_179' title='bbox 637 2499 761 2564; x_wconf 83' lang='lat' dir='ltr'><strong>maiora</strong></span> <span class='ocrx_word' id='word_1_180' title='bbox 774 2501 938 2585; x_wconf 83' lang='lat' dir='ltr'><strong>exspecto:</strong></span> <span class='ocrx_word' id='word_1_181' title='bbox 961 2519 1061 2584; x_wconf 88' lang='lat' dir='ltr'><strong>quum</strong></span> <span class='ocrx_word' id='word_1_182' title='bbox 1086 2495 1186 2586; x_wconf 90' lang='lat' dir='ltr'><strong>[equi-</strong></span> 
     </span>
     <span class='ocr_line' id='line_1_25' title="bbox 228 2585 1186 2676; baseline -0.002 -21"><span class='ocrx_word' id='word_1_183' title='bbox 228 2586 313 2676; x_wconf 85' lang='lat' dir='ltr'><strong>dem]</strong></span> <span class='ocrx_word' id='word_1_184' title='bbox 338 2590 526 2654; x_wconf 89' lang='lat' dir='ltr'><strong>concionem</strong></span> <span class='ocrx_word' id='word_1_185' title='bbox 547 2590 621 2674; x_wconf 81' lang='lat' dir='ltr'><strong>lego</strong></span> <span class='ocrx_word' id='word_1_186' title='bbox 642 2587 701 2673; x_wconf 81' lang='lat' dir='ltr'><strong>„de</strong></span> <span class='ocrx_word' id='word_1_187' title='bbox 723 2590 816 2653; x_wconf 89' lang='lat' dir='ltr'><strong>tanto</strong></span> <span class='ocrx_word' id='word_1_188' title='bbox 839 2587 923 2671; x_wconf 86' lang='lat' dir='ltr'><strong>viro,</strong></span> <span class='ocrx_word' id='word_1_189' title='bbox 945 2585 984 2652; x_wconf 84' lang='lat' dir='ltr'><strong>do</strong></span> <span class='ocrx_word' id='word_1_190' title='bbox 1007 2586 1186 2653; x_wconf 86' lang='lat' dir='ltr'><strong>clarissimo</strong></span> 
     </span>
     <span class='ocr_line' id='line_1_26' title="bbox 229 2674 1187 2762; baseline -0.002 -20"><span class='ocrx_word' id='word_1_191' title='bbox 229 2676 318 2761; x_wconf 81' lang='lat' dir='ltr'><strong>civi,“</strong></span> <span class='ocrx_word' id='word_1_192' title='bbox 339 2677 422 2742; x_wconf 85' lang='lat' dir='ltr'><strong>ferre</strong></span> <span class='ocrx_word' id='word_1_193' title='bbox 445 2699 513 2742; x_wconf 91' lang='lat' dir='ltr'><strong>non</strong></span> <span class='ocrx_word' id='word_1_194' title='bbox 536 2698 632 2762; x_wconf 82' lang='lat' dir='ltr'><strong>que03</strong></span> <span class='ocrx_word' id='word_1_195' title='bbox 662 2675 723 2740; x_wconf 87' lang='lat' dir='ltr'><strong>etsi</strong></span> <span class='ocrx_word' id='word_1_196' title='bbox 745 2676 808 2740; x_wconf 84' lang='lat' dir='ltr'><strong>ista</strong></span> <span class='ocrx_word' id='word_1_197' title='bbox 829 2675 895 2739; x_wconf 86' lang='lat' dir='ltr'><strong>iam</strong></span> <span class='ocrx_word' id='word_1_198' title='bbox 918 2675 959 2740; x_wconf 86' lang='lat' dir='ltr'><strong>ad</strong></span> <span class='ocrx_word' id='word_1_199' title='bbox 981 2674 1097 2760; x_wconf 84' lang='lat' dir='ltr'><strong>risum3</strong></span> <span class='ocrx_word' id='word_1_200' title='bbox 1131 2675 1187 2742; x_wconf 89' lang='lat' dir='ltr'><strong>sed</strong></span> 
     </span>
     <span class='ocr_line' id='line_1_27' title="bbox 228 2761 1187 2848; baseline -0.004 -14"><span class='ocrx_word' id='word_1_201' title='bbox 228 2768 407 2834; x_wconf 86' lang='lat' dir='ltr'><strong>memento:</strong></span> <span class='ocrx_word' id='word_1_202' title='bbox 442 2765 489 2830; x_wconf 86' lang='lat' dir='ltr'><strong>sio</strong></span> <span class='ocrx_word' id='word_1_203' title='bbox 520 2765 619 2829; x_wconf 85' lang='lat' dir='ltr'><strong>alitur</strong></span> <span class='ocrx_word' id='word_1_204' title='bbox 650 2762 848 2830; x_wconf 87' lang='lat' dir='ltr'><strong>consuetudo</strong></span> <span class='ocrx_word' id='word_1_205' title='bbox 879 2761 1078 2848; x_wconf 85' lang='lat' dir='ltr'><strong>perditarum</strong></span> <span class='ocrx_word' id='word_1_206' title='bbox 1111 2785 1187 2830; x_wconf 90' lang='lat' dir='ltr'><strong>con·</strong></span> 
     </span>
     <span class='ocr_line' id='line_1_28' title="bbox 229 2849 1189 2940; baseline -0.004 -18"><span class='ocrx_word' id='word_1_207' title='bbox 229 2856 371 2940; x_wconf 89' lang='lat' dir='ltr'><strong>cionum,</strong></span> <span class='ocrx_word' id='word_1_208' title='bbox 402 2856 440 2920; x_wconf 89' lang='lat' dir='ltr'><strong>nt</strong></span> <span class='ocrx_word' id='word_1_209' title='bbox 469 2853 574 2919; x_wconf 87' lang='lat' dir='ltr'><strong>nostri</strong></span> <span class='ocrx_word' id='word_1_210' title='bbox 602 2853 650 2918; x_wconf 91' lang='lat' dir='ltr'><strong>illi</strong></span> <span class='ocrx_word' id='word_1_211' title='bbox 681 2852 750 2918; x_wconf 82' lang='lat' dir='ltr'><strong>non</strong></span> <span class='ocrx_word' id='word_1_212' title='bbox 777 2852 905 2935; x_wconf 89' lang='lat' dir='ltr'><strong>heroes,</strong></span> <span class='ocrx_word' id='word_1_213' title='bbox 941 2849 997 2916; x_wconf 90' lang='lat' dir='ltr'><strong>sed</strong></span> <span class='ocrx_word' id='word_1_214' title='bbox 1024 2850 1057 2916; x_wconf 90' lang='lat' dir='ltr'><strong>di</strong></span> <span class='ocrx_word' id='word_1_215' title='bbox 1084 2851 1189 2918; x_wconf 86' lang='lat' dir='ltr'><strong>futuri</strong></span> 
     </span>
     <span class='ocr_line' id='line_1_29' title="bbox 229 2936 1188 3030; baseline -0.003 -21"><span class='ocrx_word' id='word_1_216' title='bbox 229 2945 358 3030; x_wconf 89' lang='lat' dir='ltr'><strong>quidem</strong></span> <span class='ocrx_word' id='word_1_217' title='bbox 379 2944 415 3008; x_wconf 92' lang='lat' dir='ltr'><strong>in</strong></span> <span class='ocrx_word' id='word_1_218' title='bbox 438 2942 542 3028; x_wconf 81' lang='lat' dir='ltr'><strong>gloria</strong></span> <span class='ocrx_word' id='word_1_219' title='bbox 560 2941 756 3027; x_wconf 82' lang='lat' dir='ltr'><strong>sempiterna</strong></span> <span class='ocrx_word' id='word_1_220' title='bbox 778 2940 853 3023; x_wconf 86' lang='lat' dir='ltr'><strong>sint,</strong></span> <span class='ocrx_word' id='word_1_221' title='bbox 876 2936 932 3004; x_wconf 89' lang='lat' dir='ltr'><strong>sed</strong></span> <span class='ocrx_word' id='word_1_222' title='bbox 954 2960 1022 3004; x_wconf 90' lang='lat' dir='ltr'><strong>non</strong></span> <span class='ocrx_word' id='word_1_223' title='bbox 1045 2939 1116 3006; x_wconf 90' lang='lat' dir='ltr'><strong>sine</strong></span> <span class='ocrx_word' id='word_1_224' title='bbox 1138 2941 1188 3006; x_wconf 89' lang='lat' dir='ltr'><strong>in·</strong></span> 
     </span>
     <span class='ocr_line' id='line_1_30' title="bbox 229 3025 1188 3118; baseline -0.004 -20"><span class='ocrx_word' id='word_1_225' title='bbox 229 3033 324 3118; x_wconf 79' lang='lat' dir='ltr'><strong>ridie,</strong></span> <span class='ocrx_word' id='word_1_226' title='bbox 345 3053 387 3096; x_wconf 92' lang='lat' dir='ltr'><strong>ne</strong></span> <span class='ocrx_word' id='word_1_227' title='bbox 410 3031 479 3096; x_wconf 88' lang='lat' dir='ltr'><strong>sine</strong></span> <span class='ocrx_word' id='word_1_228' title='bbox 501 3028 643 3115; x_wconf 90' lang='lat' dir='ltr'><strong>periculo</strong></span> <span class='ocrx_word' id='word_1_229' title='bbox 667 3028 805 3114; x_wconf 87' lang='lat' dir='ltr'><strong>quidem.</strong></span> <span class='ocrx_word' id='word_1_230' title='bbox 833 3025 955 3093; x_wconf 88' lang='lat' dir='ltr'><strong>Verum</strong></span> <span class='ocrx_word' id='word_1_231' title='bbox 977 3027 1042 3093; x_wconf 88' lang='lat' dir='ltr'><strong>illia</strong></span> <span class='ocrx_word' id='word_1_232' title='bbox 1065 3049 1188 3115; x_wconf 80' lang='lat' dir='ltr'><strong>magna</strong></span> 
     </span>
    </p>
   </div>
   <div class='ocr_carea' id='block_1_15' title="bbox 229 3221 1187 3642">
    <p class='ocr_par' dir='ltr' id='par_1_15' title="bbox 229 3221 1187 3642">
     <span class='ocr_line' id='line_1_31' title="bbox 236 3221 1187 3312; baseline -0.005 -31"><span class='ocrx_word' id='word_1_233' title='bbox 236 3298 242 3312; x_wconf 38' lang='lat'>⁸</span> <span class='ocrx_word' id='word_1_234' title='bbox 300 3223 410 3308; x_wconf 62' lang='lat' dir='ltr'><strong>Epn¹⁰³</strong></span> <span class='ocrx_word' id='word_1_235' title='bbox 424 3229 450 3280; x_wconf 73' lang='grc'><strong>2.</strong></span> <span class='ocrx_word' id='word_1_236' title='bbox 467 3223 560 3290; x_wconf 71' lang='lat' dir='ltr'><strong>interf.</strong></span> <span class='ocrx_word' id='word_1_237' title='bbox 576 3253 609 3263; x_wconf 94' lang='lat'>-</span> <span class='ocrx_word' id='word_1_238' title='bbox 622 3221 696 3293; x_wconf 72' lang='lat' dir='ltr'><strong>quod</strong></span> <span class='ocrx_word' id='word_1_239' title='bbox 708 3237 851 3291; x_wconf 63' lang='lat' dir='ltr'><strong>samsom</strong></span> <span class='ocrx_word' id='word_1_240' title='bbox 868 3238 895 3275; x_wconf 88' lang='lat' dir='ltr'><strong>o.</strong></span> <span class='ocrx_word' id='word_1_241' title='bbox 909 3250 952 3288; x_wconf 83' lang='lat'><strong>-,</strong></span> <span class='ocrx_word' id='word_1_242' title='bbox 970 3235 1053 3290; x_wconf 76' lang='lat' dir='ltr'><strong>quam</strong></span> <span class='ocrx_word' id='word_1_243' title='bbox 1071 3222 1119 3290; x_wconf 82' lang='lat' dir='ltr'><strong>(vn</strong></span> <span class='ocrx_word' id='word_1_244' title='bbox 1167 3221 1187 3288; x_wconf 85' lang='lat'><strong>).</strong></span> 
     </span>
     <span class='ocr_line' id='line_1_32' title="bbox 229 3291 1187 3446; baseline -0.001 -28"><span class='ocrx_word' id='word_1_245' title='bbox 229 3291 722 3447; x_wconf 28' lang='lat' dir='ltr'><strong>costaatppazep’ovlonqffltglpppfivliv,</strong></span> <span class='ocrx_word' id='word_1_246' title='bbox 739 3297 779 3420; x_wconf 60' lang='grc' dir='ltr'><strong>ΗΒ</strong></span> <span class='ocrx_word' id='word_1_247' title='bbox 789 3291 1073 3433; x_wconf 48' lang='lat' dir='ltr'><strong>eieglfflffissffi</strong></span> <span class='ocrx_word' id='word_1_248' title='bbox 1084 3291 1187 3432; x_wconf 45' lang='lat' dir='ltr'><strong>igniti</strong></span> 
     </span>
     <span class='ocr_line' id='line_1_33' title="bbox 231 3429 1186 3516; baseline -0.001 -28"><span class='ocrx_word' id='word_1_249' title='bbox 231 3435 276 3488; x_wconf 89' lang='lat' dir='ltr'><strong>An</strong></span> <span class='ocrx_word' id='word_1_250' title='bbox 293 3438 359 3506; x_wconf 85' lang='lat' dir='ltr'><strong>post</strong></span> <span class='ocrx_word' id='word_1_251' title='bbox 376 3435 499 3490; x_wconf 64' lang='lat' dir='ltr'><strong>Ammo</strong></span> <span class='ocrx_word' id='word_1_252' title='bbox 518 3434 622 3489; x_wconf 78' lang='lat' dir='ltr'><strong>exordri</strong></span> <span class='ocrx_word' id='word_1_253' title='bbox 636 3432 751 3503; x_wconf 78' lang='lat' dir='ltr'><strong>ahquid,</strong></span> <span class='ocrx_word' id='word_1_254' title='bbox 769 3436 803 3487; x_wconf 91' lang='lat' dir='ltr'><strong>ut</strong></span> <span class='ocrx_word' id='word_1_255' title='bbox 819 3433 845 3487; x_wconf 81' lang='lat' dir='ltr'><strong>ei</strong></span> <span class='ocrx_word' id='word_1_256' title='bbox 861 3434 920 3501; x_wconf 70' lang='lat' dir='ltr'><strong>fore</strong></span> <span class='ocrx_word' id='word_1_257' title='bbox 937 3429 1036 3515; x_wconf 62' lang='lat' dir='ltr'><strong>video?</strong></span> <span class='ocrx_word' id='word_1_258' title='bbox 1070 3431 1123 3516; x_wconf 76' lang='lat' dir='ltr'><strong>Ep.</strong></span> <span class='ocrx_word' id='word_1_259' title='bbox 1144 3439 1186 3502; x_wconf 87' lang='lat'><strong>11,</strong></span> 
     </span>
     <span class='ocr_line' id='line_1_34' title="bbox 234 3503 1186 3586; baseline -0.001 -29"><span class='ocrx_word' id='word_1_260' title='bbox 234 3509 257 3556; x_wconf 87' lang='lat'><strong>1.</strong></span> <span class='ocrx_word' id='word_1_261' title='bbox 276 3503 420 3575; x_wconf 75' lang='lat' dir='ltr'><strong>[equidem]</strong></span> <span class='ocrx_word' id='word_1_262' title='bbox 439 3519 461 3559; x_wconf 84' lang='lat' dir='ltr'><strong>c.</strong></span> <span class='ocrx_word' id='word_1_263' title='bbox 480 3503 554 3572; x_wconf 85' lang='lat' dir='ltr'>(W.).</span> <span class='ocrx_word' id='word_1_264' title='bbox 573 3520 593 3558; x_wconf 80' lang='lat' dir='ltr'><strong>a.</strong></span> <span class='ocrx_word' id='word_1_265' title='bbox 613 3520 634 3558; x_wconf 84' lang='lat' dir='ltr'><strong>o.</strong></span> <span class='ocrx_word' id='word_1_266' title='bbox 654 3504 747 3586; x_wconf 66' lang='lat' dir='ltr'><strong>vulgo.</strong></span> <span class='ocrx_word' id='word_1_267' title='bbox 767 3535 799 3545; x_wconf 97' lang='lat'>-</span> <span class='ocrx_word' id='word_1_268' title='bbox 818 3505 878 3558; x_wconf 62' lang='lat' dir='ltr'><strong>aas</strong></span> <span class='ocrx_word' id='word_1_269' title='bbox 895 3503 1013 3569; x_wconf 76' lang='lat' dir='ltr'><strong>invideo,</strong></span> <span class='ocrx_word' id='word_1_270' title='bbox 1030 3519 1064 3558; x_wconf 78' lang='lat' dir='ltr'><strong>m</strong></span> <span class='ocrx_word' id='word_1_271' title='bbox 1081 3519 1141 3558; x_wconf 70' lang='lat' dir='ltr'><strong>nne</strong></span> <span class='ocrx_word' id='word_1_272' title='bbox 1155 3519 1186 3572; x_wconf 82' lang='lat' dir='ltr'><strong>p.</strong></span> 
     </span>
     <span class='ocr_line' id='line_1_35' title="bbox 233 3571 906 3642; baseline 0.009 -18"><span class='ocrx_word' id='word_1_273' title='bbox 233 3571 300 3639; x_wconf 66' lang='grc' dir='ltr'><strong>(Ζὶ)Ἰ</strong></span> <span class='ocrx_word' id='word_1_274' title='bbox 319 3589 370 3640; x_wconf 79' lang='lat' dir='ltr'><strong>vc,</strong></span> <span class='ocrx_word' id='word_1_275' title='bbox 388 3574 407 3628; x_wconf 86' lang='lat' dir='ltr'>L</span> <span class='ocrx_word' id='word_1_276' title='bbox 425 3589 454 3626; x_wconf 86' lang='lat' dir='ltr'><strong>o·</strong></span> <span class='ocrx_word' id='word_1_277' title='bbox 472 3573 531 3642; x_wconf 71' lang='lat' dir='ltr'><strong>zi).</strong></span> <span class='ocrx_word' id='word_1_278' title='bbox 550 3573 610 3628; x_wconf 86' lang='lat' dir='ltr'><strong>Om.</strong></span> <span class='ocrx_word' id='word_1_279' title='bbox 629 3575 687 3628; x_wconf 67' lang='lat' dir='ltr'><strong>ehoe</strong></span> <span class='ocrx_word' id='word_1_280' title='bbox 704 3591 724 3628; x_wconf 78' lang='lat' dir='ltr'><strong>s.</strong></span> <span class='ocrx_word' id='word_1_281' title='bbox 743 3589 776 3627; x_wconf 77' lang='lat' dir='ltr'><strong>m</strong></span> <span class='ocrx_word' id='word_1_282' title='bbox 794 3573 906 3630; x_wconf 81' lang='lat' dir='ltr'><strong>MRIB.</strong></span> 
     </span>
    </p>
   </div>
   <div class='ocr_carea' id='block_1_16' title="bbox 0 0 1312 3976">
    <p class='ocr_par' dir='ltr' id='par_1_16' title="bbox 0 0 1312 3976">
     <span class='ocr_line' id='line_1_36' title="bbox 0 0 1312 3976; baseline 0 0"><span class='ocrx_word' id='word_1_283' title='bbox 0 0 1312 3976; x_wconf 95' lang='lat' dir='ltr'><strong> </strong></span> 
     </span>
    </p>
   </div>
  </div>
 </body>
</html>
