2594 3976
210 268 470 327 EPISTULARUM
488 271 538 326 AD
556 269 721 328 ATTICUM
738 272 798 329 XV.
819 279 860 329 11.
881 279 922 328 12.
983 272 1048 338 557

89 414 197 499 Italia,
218 416 405 502 priusquam
428 437 519 482 ame
542 419 720 483 conventus
743 420 838 502 esset,
860 417 1049 484 diseederet:

90 504 154 573 hoe
177 504 308 590 dempto
331 525 464 570 munere
478 505 596 572 umoris
609 509 706 589 atque
726 506 825 572 oflicii
848 506 1050 592 sequebatur,

90 595 129 659 ut
151 614 277 658 meeum
299 592 382 677 ipse:

149 710 172 800 ἡ
195 710 287 803 δεῦρ’
313 711 393 796 ὁδός
415 721 526 783 σοιτί
545 713 686 784 δύναται
708 719 785 802 νῦν,
807 715 993 806 deomedum

90 839 230 907 Prorsus
244 840 436 907 dissolutum
450 841 570 908 offendi
581 842 748 929 navigium
764 843 816 908 vel
836 843 946 928 potius
960 843 1051 912 dissi·

89 933 219 1082 fatum:
256 929 338 994 nihil
360 930 510 1015 oonsilio,
540 929 623 996 nihil
649 931 789 1016 ratione,
820 931 903 998 nihil
930 932 1052 998 ordine.

109 1021 217 1103 teque,
239 1018 302 1083 etsi
323 1038 365 1084 ne
388 1022 486 1085 antea
508 1018 636 1104 quidem
657 1018 810 1104 dubitavi,
831 1023 941 1086 tamen
963 1041 1051 1087 nune

91 1129 131 1173 eo
154 1106 262 1172 minus
285 1107 412 1173 evolare
434 1107 525 1193 hine,
551 1107 647 1194 idque
674 1109 946 1196 quamprimum,
976 1109 1051 1194 „ubi

90 1215 153 1261 nso
167 1194 396 1281 Pelopidarum
418 1196 505 1261 faeta
526 1217 632 1282 neque
653 1196 775 1262 famam
797 1196 953 1262 audiam.“
988 1185 1079 1263 sets

90 1283 173 1350 heus
200 1287 253 1369 tu,
284 1306 325 1350 ne
352 1284 436 1351 forte
464 1285 508 1350 sis
539 1285 680 1368 neseius,
709 1284 881 1353 Dolabella
911 1308 963 1351 me
989 1285 1052 1352 sibi

91 1372 215 1460 legavit
237 1396 265 1438 a.
288 1372 318 1438 d.
340 1391 400 1440 1111.
422 1371 550 1440 Nonas:
571 1373 605 1438 id
627 1373 708 1440 mihi
729 1373 801 1440 heri
822 1375 946 1460 vesperi
968 1394 1051 1440 nun·

91 1461 210 1527 tietum
233 1464 291 1526 est.
318 1460 493 1528 Votivans
512 1462 576 1534 tibi¹
596 1462 724 1547 quidem
746 1462 909 1548 placebat3
933 1463 1052 1528 alonim

91 1552 165 1616 erat
186 1550 376 1635 absurdum,
408 1572 503 1636 quae,
534 1551 563 1616 si
586 1550 729 1616 stetisset
750 1571 801 1617 res
823 1547 966 1637 publiea,
996 1573 1051 1617 vo·

92 1639 221 1724 vissem,
243 1660 281 1704 ea
303 1660 354 1704 me
377 1639 647 1706 eversaillerota
661 1639 844 1727 dissolvere,
866 1644 900 1706 et
920 1641 1052 1726 habeut,

91 1727 381 1882 dilectit?
398 1728 604 1903 lostost
623 1728 1052 1904 tittttttttt?

605 1867 612 1882 ·
1042 1867 1052 1902 r

92 1908 141 1990 ut,
163 1926 263 1990 quum
285 1905 374 1990 velis,
394 1905 528 1972 introire
542 1907 627 1972 exire
645 1906 750 1990 lieeat,
772 1905 858 1991 quod
870 1927 959 1972 nuno
971 1906 1053 1971 mihi

92 1993 241 2059 additum
264 1996 326 2077 ost3
348 1995 434 2060 bella
454 1999 502 2059 est
515 1997 624 2060 eutem
637 1993 733 2059 huius
747 1994 825 2059 iuris
840 1993 1052 2079 quinquennii

92 2082 239 2148 lieentia:
276 2103 471 2168 quamquam
492 2083 569 2164 qaid
588 2083 625 2146 de
647 2081 867 2166 quinquennio
891 2080 1052 2168 cogitem?

93 2171 245 2236 contrahi
258 2170 338 2236 mihi
351 2170 520 2256 negotium
535 2169 676 2254 videtum
698 2169 755 2236 sed
776 2165 957 2256 βλάσφημα
978 2170 1051 2236 mit·

92 2263 212 2325 tamus.

539 2453 613 2520 XII.

94 2574 155 2631 Ser.
172 2574 202 2629 in
219 2573 330 2630 Antiati
347 2591 442 2631 mense
455 2575 534 2632 Innio
553 2573 660 2645 (paullo
673 2575 740 2646 port
751 2573 785 2630 V.
800 2573 851 2646 ld.)
870 2591 896 2630 o.
910 2591 937 2630 u
951 2590 975 2630 e.
991 2577 1051 2631 710.

369 2665 517 2736 cronno
534 2679 685 2736 rrrroo
702 2679 786 2738 sna.

162 2788 251 2855 Bene
277 2789 458 2856 mehercule
487 2790 527 2855 ds
549 2787 724 2874 Buthrot03
755 2793 791 2856 at
816 2810 876 2876 ego
900 2790 1072 2857 'lironemr

94 2877 138 2946 ad
153 2878 357 2945 Dolabellam
380 2900 452 2944 oum
474 2878 600 2964 litteris,
621 2878 697 2964 quie
718 2879 868 2964 iusseras,
888 2877 1051 2945 miseram:

94 2967 174 3053 quid
204 2968 322 3034 nocet?
374 2967 424 3033 De
454 2967 576 3034 nostris
614 2971 723 3033 autem
754 2965 941 3034 Antiatibus
973 2967 1052 3034 setis

93 3056 227 3123 videbar
257 3057 354 3142 plane
386 3055 566 3141 scripsisse,
597 3059 635 3122 ut
665 3077 734 3123 non
764 3055 943 3141 dubitares,
974 3057 1052 3142 quin

93 3149 205 3212 essent
226 3145 323 3211 otiosi
344 3145 447 3210 futuri
468 3145 621 3230 usurique
642 3143 798 3211 beneficio
817 3142 954 3209 Antonii
976 3166 1051 3212 eon·

93 3235 281 3301 tumelioso:
305 3231 435 3299 Cassius
452 3234 698 3300 frumentariam
720 3254 789 3298 rem
810 3233 1052 3318 aspernabatur,

92 3343 167 3390 eam
182 3321 316 3390 Servilia
330 3323 530 3389 sublaturam
544 3345 582 3389 ex
600 3325 731 3388 senatus
754 3322 901 3388 oonsulto
925 3342 959 3388 se
981 3343 1051 3388 esse

92 3622 127 3678 Pi
165 3551 217 3676 ΕΒ.
237 3556 279 3622 11,
298 3557 322 3607 4.
354 3551 497 3608 dbsdosra
521 3551 590 3621 (BL,
612 3551 717 3625 vulgo).
749 3552 879 3608 &solem
896 3551 933 3607 M.
965 3553 1009 3608 dis
1027 3567 1049 3608 r.

127 3641 171 3692 us,
213 3665 220 3677 .
