2484 3974
231 229 296 296 358
513 230 552 285 M.
570 228 695 286 TULLII
713 223 907 288 CICERONIS

228 375 438 442 contentione
457 374 492 439 in
505 373 682 460 Hispaniis,
703 375 767 440 nisi
790 375 874 442 iorte
896 377 937 441 iis
960 375 1086 442 amissis
1100 399 1187 444 arma

229 462 419 548 Pompeium
438 463 637 528 abiecturum
659 466 765 549 putas,
787 465 879 529 cuius
902 487 998 530 omne
1020 466 1186 531 consilium

229 552 503 617 Themistocleum
517 555 578 617 est:
600 552 764 616 existimat
782 552 877 636 enim,
901 555 956 637 qui
969 571 1058 620 mare
1072 557 1186 636 teneat,

230 663 303 706 eum
326 662 456 704 necesse
479 659 542 706 esse
562 661 670 705 rernm
691 639 803 724 potiri3
824 642 934 726 itaque
957 657 1136 728 numquam
1156 643 1185 706 id

227 729 306 814 egit,
328 733 367 795 ut
378 727 555 812 Hispaniae
578 749 683 812 perse
697 731 893 813 tenerentur,
914 732 1040 796 navalis
1056 753 1184 818 appara·

229 821 283 882 tus
316 818 345 883 ei
377 839 503 901 semper
534 816 759 901 antiquissima
788 838 866 882 eura
896 817 969 883 fuit
1013 818 1185 906 Navigubit

226 907 343 991 igitur,
370 927 469 990 quum
492 905 553 969 erit
574 909 715 990 tempus,
741 906 889 970 maximis
912 908 1070 974 classibus
1094 907 1183 973 etad

224 993 358 1060 Italiam
381 993 523 1078 accedet,
549 993 585 1059 in
607 1015 671 1077 qua
693 1014 754 1059 nos
777 993 925 1060 sedentes
948 995 1026 1079 quid
1049 995 1183 1061 erimus?

226 1099 306 1148 nam
334 1082 456 1148 medios
484 1103 553 1147 esse
579 1083 645 1146 iam
672 1102 741 1147 non
765 1083 888 1166 licebit3
922 1080 1102 1172 [elassibus]
1134 1085 1183 1148 ad-

229 1172 430 1236 versabimur
450 1170 573 1256 igitur?
609 1170 695 1254 quod
722 1171 828 1247 maius
852 1173 955 1236 scelus
983 1176 1041 1238 aut
1061 1177 1183 1238 tantum

230 1259 390 1345 denique?
413 1258 491 1344 quid
512 1258 661 1342 turpius?
683 1258 850 1338 †anuival
873 1259 966 1325 dehic
987 1261 1024 1326 in
1046 1261 1181 1327 absentis

229 1349 319 1413 solus
350 1347 411 1412 tuli
443 1347 559 1432 scelus,
591 1347 733 1412 eiusdem
764 1367 837 1412 cunr
866 1347 1020 1433 Pompeio
1053 1353 1087 1414 et
1116 1371 1182 1414 cnm

203 1437 361 1520 ereliquis
383 1435 583 1520 principibus
605 1457 674 1501 non
696 1435 821 1500 ieram?
847 1435 983 1511 Quodsi
1002 1438 1069 1504 iarn
1090 1439 1180 1502 misso

231 1525 337 1590 officio
360 1525 493 1609 periculi
514 1524 598 1588 ratio
621 1524 771 1589 habenda
793 1527 856 1608 est,
885 1526 927 1590 ab
949 1525 1016 1592 illis
1037 1530 1087 1592 est
1106 1526 1180 1612 peri·

231 1614 348 1697 culum,
371 1615 398 1678 si
420 1633 564 1697 peccaro,
587 1613 713 1697 abhoc,
735 1613 862 1678 sirecte
876 1614 992 1698 fecero,
1014 1635 1075 1680 nee
1088 1615 1180 1679 ullum

229 1701 266 1764 in
295 1701 347 1766 his
378 1701 471 1766 malis
502 1701 674 1767 consilium
708 1701 851 1784 periculo
882 1721 1021 1768 vacuum
1052 1703 1180 1768 inveniri

229 1791 347 1876 potest,
368 1793 406 1854 ut
427 1790 552 1853 nonsit
572 1788 713 1873 dubium,
736 1790 816 1875 quin
827 1791 966 1875 turpiter
988 1791 1094 1856 iacere
1115 1799 1179 1856 cuin

229 1877 371 1962 periculo
385 1877 558 1962 fugiamus,
580 1877 667 1961 quod
680 1878 864 1963 fugeremus
878 1880 977 1944 etiam
990 1897 1065 1946 cum
1078 1879 1178 1945 salute.

229 1964 323 2051 „Non
334 1966 429 2031 simul
438 1987 512 2030 oum
520 1964 674 2050 Pompeio
684 1987 771 2030 mare
784 1968 1036 2034 transierimus.“
1049 1967 1176 2034 Omnino

230 2075 294 2120 noo
319 2055 495 2139 potuimus:
528 2056 634 2118 exstat
658 2055 741 2120 ratio
764 2055 903 2140 dierum3
930 2056 987 2122 sed
1013 2060 1121 2122 tamen
1140 2089 1174 2104 -

229 2143 390 2208 fateamur
412 2143 508 2226 enim,
530 2143 616 2226 quod
636 2146 687 2206 est
698 2179 741 2190 —
755 2161 797 2208 ne
811 2145 1038 2210 contendimus
1053 2145 1173 2230 quidem,

230 2234 268 2296 ut
288 2253 464 2316 possemus.
491 2229 622 2295 Fefellit
639 2251 678 2294 ea
699 2253 750 2298 rne
772 2253 833 2317 res,
855 2253 937 2317 quae
959 2233 1099 2300 fortasse
1119 2252 1174 2298 nou

230 2319 350 2404 debuit,
372 2319 428 2384 sed
444 2319 574 2384 fefellit:
596 2340 709 2402 pacem
731 2321 844 2404 putavi
856 2321 935 2406 fore,
958 2343 1041 2405 qnae
1056 2323 1083 2387 si
1096 2323 1174 2403 esset,

228 2407 349 2471 iratum
372 2407 452 2472 mihi
465 2405 636 2473 Caesarem
650 2428 728 2492 esse,
750 2430 850 2492 quum
862 2409 949 2474 idem
969 2411 1091 2476 amicus
1105 2411 1175 2476 esset

230 2493 394 2580 Pompeio,
416 2495 515 2580 nolui,
538 2517 701 2560 senseram
724 2497 819 2582 enim,
842 2518 939 2581 quam
951 2497 1051 2564 iidem
1073 2500 1173 2564 essent

230 2581 303 2647 Hoc
324 2604 438 2648 verens
460 2584 496 2648 in
516 2584 603 2649 hanc
623 2583 810 2650 tarditatem
829 2585 941 2670 incidi3
964 2586 1021 2652 sed
1035 2605 1174 2672 assequor

301 2791 353 2862 Ep.
371 2797 401 2861 8,
420 2797 445 2848 4.
476 2793 561 2848 scelus
579 2797 629 2849 oct
646 2799 665 2848 t.
693 2793 778 2863 (Mat,
800 2793 896 2866 itaque
914 2794 946 2851 Β.
965 2795 1077 2868 voluit).
1107 2814 1127 2853 s.
1142 2795 1174 2850 oct

229 2867 337 2918 tantam
355 2863 386 2918 B.
418 2893 454 2904 -
483 2867 503 2930 †
521 2865 637 2918 cacioot
654 2863 731 2919 dehic
748 2866 780 2918 io
798 2865 871 2933 (Mn
895 2883 933 2921 aa
950 2866 983 2922 ia
999 2869 1080 2924 acide
1096 2869 1136 2923 ee
1150 2867 1174 2920 ta

229 2937 287 3003 mg.
305 2934 351 3001 M„
370 2933 453 3003 ΒΨ,
479 2933 528 2988 red
546 2934 567 2986 Ι.
586 2935 664 3000 anni,
682 2937 715 2989 ut
731 2935 806 2990 Beer.
826 2938 855 2991 et
872 2952 957 2992 nonu.
975 2937 1057 3007 Mal.;
1082 2957 1121 2994 on
1135 2937 1174 3008 qai

229 3005 308 3060 cotde
324 3005 389 3060 tino
406 3004 457 3060 alii
473 3003 553 3071 Male
572 3005 780 3061 animoldctie
793 3006 829 3062 al.
844 3005 924 3072 Man
942 3025 982 3062 oc
998 3009 1044 3064 eo
1062 3008 1174 3066 caldeis

229 3075 256 3128 h.
285 3092 336 3142 ao,
349 3077 429 3130 metue
446 3075 567 3129 invalidi
580 3079 605 3128 et
621 3077 686 3130 tiae
703 3075 821 3132 absentis
840 3076 944 3145 (Gron,
964 3078 1012 3132 sed
1032 3079 1092 3135 sine
1109 3081 1174 3136 cuia

230 3145 259 3200 et
277 3161 331 3200 om.
347 3147 425 3212 tine,
442 3145 499 3215 W.)
527 3147 576 3200 aut
598 3162 637 3200 aa
654 3147 709 3201 inc.
731 3147 816 3202 haiae
838 3152 863 3202 et
884 3149 941 3210 eta,
961 3149 1048 3219 (ΨΜ
1081 3169 1116 3206 oa
1136 3148 1174 3220 qut

228 3217 338 3283 ’scalde
354 3218 400 3272 tie
417 3218 449 3271 ta
466 3216 497 3271 Β,
515 3247 551 3258 -
569 3217 686 3271 ciuem
699 3220 719 3254 ·*
733 3217 778 3254 *¹*
796 3234 866 3284 com,
883 3220 916 3272 ut
933 3219 1097 3291 exciderint,
1114 3235 1173 3290 quac

228 3285 266 3340 ad
284 3288 339 3341 ico.
356 3293 382 3341 et
399 3287 424 3342 t.
444 3287 500 3341 aba
520 3303 535 3342 e
553 3287 694 3341 contrario
711 3289 918 3358 respondebant
936 3289 1022 3360 (W.)?
1049 3309 1089 3346 en
1105 3293 1174 3347 taire

228 3357 374 3411 maledicta
391 3357 423 3412 in
440 3358 560 3413 absentes
576 3372 598 3412 a
612 3362 641 3424 t,
659 3373 694 3413 sc.
714 3373 735 3414 a
754 3357 885 3428 (Klotz.)'?
922 3362 946 3414 δ.
965 3362 1035 3430 qaia
1054 3362 1135 3434 [trop.
1147 3360 1173 3432 fi]

230 3441 290 3479 eom
307 3426 377 3494 (B.)·?
404 3431 423 3482 t.
441 3428 462 3493 f.
481 3443 535 3482 om.
553 3427 587 3481 R.
614 3427 636 3495 f.
655 3443 708 3486 om.
728 3428 789 3484 odd.
808 3429 860 3484 Pii.
885 3459 921 3470 —
946 3431 1033 3496 „Non
1047 3474 1053 3486 .
1069 3476 1075 3489 .
1092 3439 1173 3490 uae

229 3495 380 3549 sierimae.“
400 3495 430 3550 0.
450 3497 525 3565 (W.).
544 3497 611 3551 Non
625 3541 631 3553 .
643 3540 667 3554 ..
681 3501 850 3556 traiecimus.
871 3499 901 3554 0.
921 3499 1092 3572 Nipperdey.
1106 3500 1173 3570 cori,

230 3563 261 3618 B.
278 3563 345 3618 Non
359 3568 611 3623 ...transeamus
632 3567 662 3622 0.
681 3569 775 3640 vulgo.
