2590 3964
230 198 294 263 102
510 196 548 252 M.
568 195 691 252 TULLII
709 193 902 252 CICERONIS

227 346 313 428 erat,
334 342 482 427 profecto
505 362 573 407 non
595 341 761 425 scripsisti.
797 340 955 406 Varronis
979 362 1085 406 sermo
1107 340 1192 406 iacit

228 431 500 515 exspectationem
523 428 685 514 Caesaris,
716 433 812 513 atque
839 430 966 494 utinam
988 429 1057 514 ipse
1080 428 1190 495 Varro

227 520 395 584 incumbat
429 520 465 584 in
501 520 643 584 causam!
688 518 773 602 quod
808 517 955 602 profecto
992 539 1092 602 quum
1128 541 1190 583 sus
1291 547 1292 558 ¹

201 611 359 693 rspcnm,
395 612 466 671 tum
497 611 530 674 te
561 608 703 671 instante
735 606 840 670 faciet
876 605 965 691 Ego,
997 607 1025 670 si
1051 627 1103 672 me
1132 607 1191 671 ali·
1291 621 1292 650 l

228 696 357 781 quando
380 697 481 760 vestri
503 699 536 760 et
557 695 681 780 patriae
704 697 887 779 compotem
909 693 1041 759 fortuna
1063 695 1187 780 fecerit,
1291 769 1292 774 γ

228 787 314 850 certe
338 784 485 868 efficiam,
507 787 545 848 ut
566 784 703 848 maxime
725 784 845 848 laetere
868 803 952 847 unus
975 803 1014 846 ex
1037 783 1189 852 omnibus
1291 779 1292 812 ¹

228 873 350 957 amicis,
371 893 505 956 meaque
529 871 635 936 officia
657 875 690 936 et
713 870 829 955 studia,
851 892 933 954 quae
955 892 1071 955 parum
1092 875 1191 938 antea
1291 923 1292 950 q

227 962 380 1026 luxerunt
406 997 450 1008 —
477 959 647 1026 fatendum
677 962 727 1024 est
753 960 840 1024 enirn
867 995 920 1042 -,
952 960 997 1024 sic
1024 980 1192 1045 exsequar,

228 1053 266 1113 ut
288 1071 339 1114 me
362 1071 462 1134 aeque
488 1048 550 1113 tibi
577 1069 615 1113 ac
641 1048 736 1112 fratri
758 1052 791 1112 et
817 1047 927 1112 liberis
954 1048 1075 1114 nostris
1096 1049 1191 1113 resti-
1291 1123 1292 1128 ἵ

228 1141 336 1203 tutum
367 1141 470 1223 putes.
520 1135 555 1202 si
591 1137 668 1220 quid
699 1137 735 1201 in
765 1139 798 1202 te
829 1136 961 1220 peccari
993 1139 1049 1200 aut
1079 1137 1190 1220 potins
1291 1131 1292 1202 l

229 1226 382 1309 quoniam
404 1226 548 1308 peccavi,
570 1226 715 1310 ignosce;
744 1225 780 1289 in
802 1246 853 1289 me
876 1225 963 1288 enim
985 1225 1091 1309 ipsum
1115 1247 1191 1308 pec·
1291 1243 1292 1308 )

229 1314 300 1378 cavi
326 1314 557 1378 vehementius.
600 1311 713 1397 Neque
740 1313 821 1378 haec
849 1335 887 1378 eo
911 1313 1031 1396 scribo,
1062 1335 1128 1398 quo
1157 1317 1192 1378 te
1291 1313 1292 1344 ¹

229 1423 297 1467 non
319 1423 391 1466 mec
415 1423 491 1466 casu
513 1401 653 1467 maximo
677 1400 786 1467 dolore
814 1423 883 1465 esse
907 1401 1056 1466 affectum
1080 1402 1195 1487 sciam,

149 1559 153 1566 .
231 1491 287 1555 sed
309 1491 464 1574 profecto,
487 1490 524 1573 si,
546 1493 703 1574 quantum
725 1511 777 1554 me
800 1510 890 1554 amas
912 1493 946 1554 et
968 1489 1094 1574 amasti,
1117 1493 1193 1554 tsn-
1291 1517 1292 1578 q

229 1582 314 1642 tum
328 1600 436 1643 amare
463 1541 595 1642 deberes
622 1599 660 1642 ac
689 1578 867 1661 debuisses,
898 1599 1075 1661 numquam
1101 1599 1195 1644 esses
1291 1579 1292 1612 ¹

229 1688 345 1750 passus
367 1688 432 1750 me,
460 1687 524 1750 quc
546 1669 584 1732 tu
606 1666 807 1751 abundabas,
839 1686 933 1752 egere
957 1666 1106 1751 consilio,
1128 1689 1194 1732 nec
1291 1691 1292 1712 1

230 1775 317 1818 esses
339 1777 454 1839 passus
477 1754 556 1819 mihi
578 1754 763 1839 persuaderi
784 1754 864 1819 utile
882 1754 977 1819 nobis
991 1775 1061 1819 esse
1082 1717 1195 1840 segem

230 1842 269 1906 de
293 1843 437 1928 collegiis
460 1843 604 1928 perferri.
632 1841 694 1908 Sed
716 1848 753 1907 tu
775 1846 904 1906 tantum
925 1842 1075 1907 lacrimas
1097 1865 1194 1928 prae-

230 1930 330 1995 buisti
352 1931 455 1997 dolori
478 1952 559 2016 meo,
582 1931 668 2016 quod
691 1934 761 1996 erat
780 1931 908 2014 amoris,
929 1931 1127 2014 tamquam
1118 1953 1194 2016 rpse

230 2039 305 2104 eg03
345 2019 431 2104 quod
468 2019 589 2085 meritis
625 2020 705 2084 meis
742 2019 920 2103 perlectum
957 2019 1113 2104 oportuit,
1152 2024 1195 2084 ut

231 2107 299 2172 dies
313 2111 346 2173 et
365 2111 486 2191 noctes,
510 2108 586 2192 quid
604 2107 685 2172 mihi
706 2107 890 2173 faciendum
903 2110 997 2190 esset,
1020 2107 1194 2193 cogitares,

230 2195 264 2260 id
287 2196 345 2260 abs
367 2202 400 2261 te
422 2218 511 2280 meo,
533 2219 601 2262 non
623 2199 680 2261 tuo
705 2197 822 2260 scelere
845 2195 1108 2279 praetermissum
1130 2200 1193 2262 est.

231 2283 324 2359 Quod
348 2285 375 2349 si
396 2307 465 2350 non
492 2285 587 2350 modo
610 2288 661 2368 tu,
694 2285 749 2349 sed
777 2284 947 2368 quisquam
973 2283 1101 2367 fuisset,
1133 2285 1193 2368 qui

231 2392 282 2434 me
304 2371 450 2456 Pompeii
472 2373 578 2438 minus
605 2373 731 2438 liberali
756 2393 912 2456 responso
940 2372 1147 2455 perterritum
1170 2395 1194 2438 a

231 2459 418 2542 turpissimo
441 2461 576 2526 consilio
598 2463 776 2545 revocaret,
808 2460 894 2544 quod
916 2482 1000 2524 unus
1023 2463 1060 2525 tu
1081 2460 1193 2526 facere
1291 2469 1292 2480 ¹

231 2547 368 2611 maxime
382 2548 526 2632 potuisti,
540 2551 597 2612 aut
607 2549 827 2614 occubuissem
839 2548 975 2613 honeste
985 2551 1042 2612 erit
1050 2549 1192 2614 victores

230 2634 327 2700 hodie
349 2635 537 2701 viveremus.
564 2635 627 2700 Hic
639 2636 720 2702 mihi
732 2637 895 2722 ignosces3
917 2657 968 2701 me
982 2637 1069 2701 enim
1081 2637 1192 2722 ipsum
1291 2719 1292 2724 ἵ

231 2724 333 2789 multo
356 2726 460 2810 magis
483 2746 613 2808 accuso,
646 2725 760 2790 deinde
787 2728 820 2788 te
849 2726 941 2808 quasi
967 2746 1019 2788 me
1042 2726 1193 2811 alterurn,
1291 2779 1292 2786 ,

232 2816 265 2878 et
288 2813 383 2878 simul
406 2835 496 2879 meae
510 2815 622 2898 culpae
638 2815 761 2879 socium
774 2833 893 2898 quaero
908 2833 954 2896 ac,
977 2813 1005 2877 si
1026 2813 1192 2899 restituor,
1291 2863 1292 2874 ,

232 2901 330 2966 etiam
353 2902 459 2966 minus
482 2901 662 2968 ridebimur
691 2901 861 2985 deliquisse
889 2901 948 2966 abs
974 2905 1070 2985 teque
1092 2905 1192 2988 certe,
1291 2937 1292 2964 r

232 2991 386 3074 quoniam
403 2991 494 3056 nullo
508 2994 631 3074 nostro,
652 2993 710 3056 tuo
723 2990 825 3075 ipsius
839 2988 995 3053 beneficio
1009 2989 1191 3075 diligemur.
1291 3017 1292 3032 ¹

205 3078 326 3154 scuod
347 3084 381 3144 te
395 3101 469 3144 cum
482 3076 635 3144 Culleone
650 3078 762 3143 scribis
783 3077 823 3142 de
845 3077 1014 3163 privilegio
1036 3079 1192 3164 locutum,
1291 3093 1292 3138 l

232 3170 282 3231 est
304 3166 434 3252 aliquid,
457 3166 512 3232 sed
534 3167 637 3232 multo
660 3170 710 3231 est
731 3166 845 3230 melius
865 3165 1029 3250 abrogari:
1052 3166 1080 3230 si
1102 3166 1192 3232 enim

231 3276 327 3321 nemo
349 3255 511 3340 impediet,
534 3255 677 3339 quidest
697 3253 842 3319 firmius?
866 3253 918 3318 sin
940 3253 1010 3338 erit
1033 3254 1089 3338 qui
1109 3254 1192 3320 ferri
1291 3305 1292 3358 l

301 3463 352 3545 Ep.
374 3469 419 3532 15,
438 3471 463 3518 4
500 3463 725 3519 antecesserat
742 3461 808 3531 (W.)
831 3462 1026 3518 releuaret.
1047 3462 1135 3533 (Onlt
1154 3492 1192 3507 -··

230 3534 340 3602 peccavi
358 3539 407 3589 cat
425 3533 557 3602 (ΕΜ)
561 3549 619 3588 ,αο
636 3531 730 3602 vulgo.
