<?xml version="1.0" encoding="UTF-8"?>
<!DOCTYPE html PUBLIC "-//W3C//DTD XHTML 1.0 Transitional//EN"
    "http://www.w3.org/TR/xhtml1/DTD/xhtml1-transitional.dtd">
<html xmlns="http://www.w3.org/1999/xhtml" xml:lang="en" lang="en">
 <head>
  <title>
</title>
<meta http-equiv="Content-Type" content="text/html;charset=utf-8" />
  <meta name='ocr-system' content='tesseract 3.04.00' />
  <meta name='ocr-capabilities' content='ocr_page ocr_carea ocr_par ocr_line ocrx_word'/>
</head>
<body>
  <div class='ocr_page' id='page_1' title='image "./epistolae01wesegoog_0551.png"; bbox 0 0 2594 3976; ppageno 0'>
   <div class='ocr_carea' id='block_1_1' title="bbox 225 232 1063 302">
    <p class='ocr_par' dir='ltr' id='par_1_1' title="bbox 225 232 1063 302">
     <span class='ocr_line' id='line_1_1' title="bbox 225 232 1063 302; baseline 0.005 -10"><span class='ocrx_word' id='word_1_1' title='bbox 225 237 483 294; x_wconf 81' lang='lat' dir='ltr'><strong>EPISTOLARUM</strong></span> <span class='ocrx_word' id='word_1_2' title='bbox 501 238 551 294; x_wconf 84' lang='lat' dir='ltr'><strong>AD</strong></span> <span class='ocrx_word' id='word_1_3' title='bbox 569 237 735 294; x_wconf 79' lang='lat' dir='ltr'><strong>ATTIGUM</strong></span> <span class='ocrx_word' id='word_1_4' title='bbox 753 238 826 294; x_wconf 84' lang='lat' dir='ltr'><strong>XIV.</strong></span> <span class='ocrx_word' id='word_1_5' title='bbox 845 244 887 293; x_wconf 81' lang='lat'><strong>21.</strong></span> <span class='ocrx_word' id='word_1_6' title='bbox 907 243 950 292; x_wconf 76' lang='lat'><strong>22.</strong></span> <span class='ocrx_word' id='word_1_7' title='bbox 995 232 1063 302; x_wconf 83' lang='grc'><strong>541</strong></span> 
     </span>
    </p>
   </div>
   <div class='ocr_carea' id='block_1_2' title="bbox 101 383 1063 998">
    <p class='ocr_par' dir='ltr' id='par_1_2' title="bbox 101 383 1063 998">
     <span class='ocr_line' id='line_1_2' title="bbox 101 383 1063 467; baseline 0 -19"><span class='ocrx_word' id='word_1_8' title='bbox 101 383 204 466; x_wconf 89' lang='lat' dir='ltr'><strong>licuit,</strong></span> <span class='ocrx_word' id='word_1_9' title='bbox 225 383 321 449; x_wconf 85' lang='lat' dir='ltr'><strong>nobis</strong></span> <span class='ocrx_word' id='word_1_10' title='bbox 343 404 431 448; x_wconf 87' lang='lat' dir='ltr'><strong>nuno</strong></span> <span class='ocrx_word' id='word_1_11' title='bbox 445 383 568 466; x_wconf 82' lang='lat' dir='ltr'><strong>licebit3</strong></span> <span class='ocrx_word' id='word_1_12' title='bbox 590 405 666 448; x_wconf 90' lang='lat' dir='ltr'><strong>nam</strong></span> <span class='ocrx_word' id='word_1_13' title='bbox 680 386 790 467; x_wconf 88' lang='lat' dir='ltr'><strong>aperte</strong></span> <span class='ocrx_word' id='word_1_14' title='bbox 812 383 924 448; x_wconf 88' lang='lat' dir='ltr'><strong>laetati</strong></span> <span class='ocrx_word' id='word_1_15' title='bbox 943 403 1063 464; x_wconf 79' lang='lat' dir='ltr'><strong>sumus,</strong></span> 
     </span>
     <span class='ocr_line' id='line_1_3' title="bbox 102 470 1062 556; baseline 0.001 -20"><span class='ocrx_word' id='word_1_16' title='bbox 102 473 219 536; x_wconf 87' lang='lat' dir='ltr'><strong>deinde</strong></span> <span class='ocrx_word' id='word_1_17' title='bbox 250 472 374 537; x_wconf 87' lang='lat' dir='ltr'><strong>habent</strong></span> <span class='ocrx_word' id='word_1_18' title='bbox 404 472 440 536; x_wconf 92' lang='lat' dir='ltr'><strong>in</strong></span> <span class='ocrx_word' id='word_1_19' title='bbox 469 493 524 536; x_wconf 84' lang='lat' dir='ltr'><strong>ore</strong></span> <span class='ocrx_word' id='word_1_20' title='bbox 551 492 612 537; x_wconf 84' lang='lat' dir='ltr'><strong>nos</strong></span> <span class='ocrx_word' id='word_1_21' title='bbox 639 471 795 556; x_wconf 81' lang='lat' dir='ltr'><strong>ingratos.</strong></span> <span class='ocrx_word' id='word_1_22' title='bbox 839 470 938 537; x_wconf 90' lang='lat' dir='ltr'><strong>Nullo</strong></span> <span class='ocrx_word' id='word_1_23' title='bbox 966 470 1062 537; x_wconf 91' lang='lat' dir='ltr'><strong>modo</strong></span> 
     </span>
     <span class='ocr_line' id='line_1_4' title="bbox 102 558 1063 644; baseline -0.001 -18"><span class='ocrx_word' id='word_1_24' title='bbox 102 561 228 644; x_wconf 77' lang='lat' dir='ltr'><strong>licebit,</strong></span> <span class='ocrx_word' id='word_1_25' title='bbox 259 561 345 644; x_wconf 87' lang='lat' dir='ltr'><strong>quod</strong></span> <span class='ocrx_word' id='word_1_26' title='bbox 371 564 442 625; x_wconf 90' lang='lat' dir='ltr'><strong>tum</strong></span> <span class='ocrx_word' id='word_1_27' title='bbox 469 563 502 624; x_wconf 87' lang='lat' dir='ltr'><strong>ct</strong></span> <span class='ocrx_word' id='word_1_28' title='bbox 528 560 588 624; x_wconf 90' lang='lat' dir='ltr'><strong>tibi</strong></span> <span class='ocrx_word' id='word_1_29' title='bbox 617 558 709 624; x_wconf 91' lang='lat' dir='ltr'><strong>licuit</strong></span> <span class='ocrx_word' id='word_1_30' title='bbox 730 563 763 624; x_wconf 88' lang='lat' dir='ltr'><strong>et</strong></span> <span class='ocrx_word' id='word_1_31' title='bbox 789 560 912 624; x_wconf 88' lang='lat' dir='ltr'><strong>multis:</strong></span> <span class='ocrx_word' id='word_1_32' title='bbox 943 582 1063 642; x_wconf 79' lang='grc' dir='ltr'><em>φαινο·</em></span> 
     </span>
     <span class='ocr_line' id='line_1_5' title="bbox 102 646 1063 733; baseline -0.001 -19"><span class='ocrx_word' id='word_1_33' title='bbox 102 646 343 733; x_wconf 78' lang='grc' dir='ltr'><strong><em>προσωπητέον</em></strong></span> <span class='ocrx_word' id='word_1_34' title='bbox 366 669 442 733; x_wconf 81' lang='lat' dir='ltr'><strong>ergo</strong></span> <span class='ocrx_word' id='word_1_35' title='bbox 465 651 499 712; x_wconf 88' lang='lat' dir='ltr'><strong>et</strong></span> <span class='ocrx_word' id='word_1_36' title='bbox 521 646 610 712; x_wconf 78' lang='grc' dir='ltr'><strong><em>ἰτέον</em></strong></span> <span class='ocrx_word' id='word_1_37' title='bbox 632 648 668 712; x_wconf 91' lang='lat' dir='ltr'><strong>in</strong></span> <span class='ocrx_word' id='word_1_38' title='bbox 690 648 818 713; x_wconf 83' lang='lat' dir='ltr'><strong>caetra?</strong></span> <span class='ocrx_word' id='word_1_39' title='bbox 853 648 958 712; x_wconf 83' lang='lat' dir='ltr'><strong>milies</strong></span> <span class='ocrx_word' id='word_1_40' title='bbox 980 648 1063 713; x_wconf 87' lang='lat' dir='ltr'><strong>mori</strong></span> 
     </span>
     <span class='ocr_line' id='line_1_6' title="bbox 102 735 1062 822; baseline 0 -20"><span class='ocrx_word' id='word_1_41' title='bbox 102 738 233 822; x_wconf 86' lang='lat' dir='ltr'><strong>melius,</strong></span> <span class='ocrx_word' id='word_1_42' title='bbox 269 736 344 802; x_wconf 89' lang='lat' dir='ltr'><strong>huic</strong></span> <span class='ocrx_word' id='word_1_43' title='bbox 375 736 564 821; x_wconf 86' lang='lat' dir='ltr'><strong>praesertim</strong></span> <span class='ocrx_word' id='word_1_44' title='bbox 596 737 703 801; x_wconf 86' lang='lat' dir='ltr'><strong>aetati.</strong></span> <span class='ocrx_word' id='word_1_45' title='bbox 758 736 871 820; x_wconf 86' lang='lat' dir='ltr'><strong>Itaque</strong></span> <span class='ocrx_word' id='word_1_46' title='bbox 903 758 953 801; x_wconf 86' lang='lat' dir='ltr'><strong>me</strong></span> <span class='ocrx_word' id='word_1_47' title='bbox 984 735 1062 802; x_wconf 86' lang='lat' dir='ltr'><strong>Idus</strong></span> 
     </span>
     <span class='ocr_line' id='line_1_7' title="bbox 102 825 1063 910; baseline -0.001 -20"><span class='ocrx_word' id='word_1_48' title='bbox 102 825 242 890; x_wconf 77' lang='lat' dir='ltr'><strong>Martiae</strong></span> <span class='ocrx_word' id='word_1_49' title='bbox 265 846 332 890; x_wconf 89' lang='lat' dir='ltr'><strong>non</strong></span> <span class='ocrx_word' id='word_1_50' title='bbox 354 828 422 890; x_wconf 86' lang='lat' dir='ltr'><strong>tam</strong></span> <span class='ocrx_word' id='word_1_51' title='bbox 443 825 652 890; x_wconf 78' lang='lat' dir='ltr'><strong>consolantur</strong></span> <span class='ocrx_word' id='word_1_52' title='bbox 665 847 762 909; x_wconf 88' lang='lat' dir='ltr'><strong>quam</strong></span> <span class='ocrx_word' id='word_1_53' title='bbox 776 829 885 910; x_wconf 77' lang='lat' dir='ltr'><strong>antea3</strong></span> <span class='ocrx_word' id='word_1_54' title='bbox 908 845 1063 910; x_wconf 86' lang='lat' dir='ltr'><strong>magnum</strong></span> 
     </span>
     <span class='ocr_line' id='line_1_8' title="bbox 103 913 879 998; baseline -0.003 -18"><span class='ocrx_word' id='word_1_55' title='bbox 103 915 194 980; x_wconf 87' lang='lat' dir='ltr'><strong>enim</strong></span> <span class='ocrx_word' id='word_1_56' title='bbox 216 914 368 980; x_wconf 89' lang='lat' dir='ltr'><strong>mendum</strong></span> <span class='ocrx_word' id='word_1_57' title='bbox 391 913 572 998; x_wconf 77' lang='lat' dir='ltr'><strong>continent,</strong></span> <span class='ocrx_word' id='word_1_58' title='bbox 595 913 656 979; x_wconf 84' lang='lat' dir='ltr'><strong>etsi</strong></span> <span class='ocrx_word' id='word_1_59' title='bbox 677 913 725 979; x_wconf 92' lang='lat' dir='ltr'><strong>illi</strong></span> <span class='ocrx_word' id='word_1_60' title='bbox 747 913 879 980; x_wconf 78' lang='lat' dir='ltr'><strong>iuvenes</strong></span> 
     </span>
    </p>
   </div>
   <div class='ocr_carea' id='block_1_3' title="bbox 173 1030 1001 1119">
    <p class='ocr_par' dir='ltr' id='par_1_3' title="bbox 173 1030 1001 1119">
     <span class='ocr_line' id='line_1_9' title="bbox 173 1030 1001 1119; baseline -0.001 -17"><span class='ocrx_word' id='word_1_61' title='bbox 173 1031 287 1114; x_wconf 75' lang='grc' dir='ltr'><strong><em>ἄλλοις</em></strong></span> <span class='ocrx_word' id='word_1_62' title='bbox 310 1035 346 1102; x_wconf 80' lang='grc' dir='ltr'><strong>ἐν</strong></span> <span class='ocrx_word' id='word_1_63' title='bbox 370 1035 504 1114; x_wconf 74' lang='grc' dir='ltr'><strong><em>ἐσθλοῖς</em></strong></span> <span class='ocrx_word' id='word_1_64' title='bbox 524 1031 618 1102; x_wconf 76' lang='grc' dir='ltr'><strong><em>τόνδ’</em></strong></span> <span class='ocrx_word' id='word_1_65' title='bbox 644 1030 862 1104; x_wconf 74' lang='grc' dir='ltr'><strong><em>ἀπωθοῦνται</em></strong></span> <span class='ocrx_word' id='word_1_66' title='bbox 884 1032 1001 1119; x_wconf 72' lang='grc' dir='ltr'>ψόγον.</span> 
     </span>
    </p>
   </div>
   <div class='ocr_carea' id='block_1_4' title="bbox 105 1153 1065 1777">
    <p class='ocr_par' dir='ltr' id='par_1_4' title="bbox 105 1153 1065 1777">
     <span class='ocr_line' id='line_1_10' title="bbox 105 1153 1065 1247; baseline -0.002 -20"><span class='ocrx_word' id='word_1_67' title='bbox 105 1161 185 1247; x_wconf 82' lang='lat' dir='ltr'><strong>Sed,</strong></span> <span class='ocrx_word' id='word_1_68' title='bbox 216 1163 302 1226; x_wconf 82' lang='lat' dir='ltr'><strong>situ</strong></span> <span class='ocrx_word' id='word_1_69' title='bbox 325 1153 438 1226; x_wconf 87' lang='lat' dir='ltr'><strong>melius</strong></span> <span class='ocrx_word' id='word_1_70' title='bbox 461 1161 626 1246; x_wconf 82' lang='lat' dir='ltr'><strong>quidpiam</strong></span> <span class='ocrx_word' id='word_1_71' title='bbox 653 1182 777 1245; x_wconf 84' lang='lat' dir='ltr'><strong>speras,</strong></span> <span class='ocrx_word' id='word_1_72' title='bbox 808 1160 894 1245; x_wconf 87' lang='lat' dir='ltr'><strong>quod</strong></span> <span class='ocrx_word' id='word_1_73' title='bbox 917 1164 949 1226; x_wconf 88' lang='lat' dir='ltr'><strong>et</strong></span> <span class='ocrx_word' id='word_1_74' title='bbox 971 1161 1065 1244; x_wconf 86' lang='lat' dir='ltr'><strong>plura</strong></span> 
     </span>
     <span class='ocr_line' id='line_1_11' title="bbox 105 1249 1064 1334; baseline -0.003 -17"><span class='ocrx_word' id='word_1_75' title='bbox 105 1251 200 1317; x_wconf 82' lang='lat' dir='ltr'><strong>audis</strong></span> <span class='ocrx_word' id='word_1_76' title='bbox 224 1253 257 1315; x_wconf 87' lang='lat' dir='ltr'><strong>et</strong></span> <span class='ocrx_word' id='word_1_77' title='bbox 277 1250 397 1315; x_wconf 83' lang='lat' dir='ltr'><strong>interes</strong></span> <span class='ocrx_word' id='word_1_78' title='bbox 416 1250 568 1334; x_wconf 79' lang='lat' dir='ltr'><strong>consiliis,</strong></span> <span class='ocrx_word' id='word_1_79' title='bbox 591 1249 712 1315; x_wconf 83' lang='lat' dir='ltr'><strong>scribas</strong></span> <span class='ocrx_word' id='word_1_80' title='bbox 726 1249 766 1313; x_wconf 86' lang='lat' dir='ltr'><strong>ad</strong></span> <span class='ocrx_word' id='word_1_81' title='bbox 781 1269 832 1314; x_wconf 90' lang='lat' dir='ltr'><strong>me</strong></span> <span class='ocrx_word' id='word_1_82' title='bbox 846 1249 943 1314; x_wconf 84' lang='lat' dir='ltr'><strong>velim</strong></span> <span class='ocrx_word' id='word_1_83' title='bbox 957 1249 1064 1314; x_wconf 87' lang='lat' dir='ltr'><strong>simul·</strong></span> 
     </span>
     <span class='ocr_line' id='line_1_12' title="bbox 106 1337 1064 1425; baseline -0.003 -21"><span class='ocrx_word' id='word_1_84' title='bbox 106 1361 170 1425; x_wconf 88' lang='lat' dir='ltr'><strong>que</strong></span> <span class='ocrx_word' id='word_1_85' title='bbox 194 1339 325 1423; x_wconf 82' lang='lat' dir='ltr'><strong>cogites,</strong></span> <span class='ocrx_word' id='word_1_86' title='bbox 347 1338 424 1422; x_wconf 91' lang='lat' dir='ltr'><strong>quid</strong></span> <span class='ocrx_word' id='word_1_87' title='bbox 438 1339 599 1425; x_wconf 83' lang='lat' dir='ltr'><strong>agendum</strong></span> <span class='ocrx_word' id='word_1_88' title='bbox 619 1338 713 1403; x_wconf 87' lang='lat' dir='ltr'><strong>nobis</strong></span> <span class='ocrx_word' id='word_1_89' title='bbox 728 1339 770 1403; x_wconf 87' lang='lat' dir='ltr'><strong>sit</strong></span> <span class='ocrx_word' id='word_1_90' title='bbox 783 1359 880 1422; x_wconf 86' lang='lat' dir='ltr'><strong>super</strong></span> <span class='ocrx_word' id='word_1_91' title='bbox 901 1337 1064 1423; x_wconf 82' lang='lat' dir='ltr'><strong>legatione</strong></span> 
     </span>
     <span class='ocr_line' id='line_1_13' title="bbox 106 1427 1064 1511; baseline -0.004 -17"><span class='ocrx_word' id='word_1_92' title='bbox 106 1427 232 1494; x_wconf 84' lang='lat' dir='ltr'><strong>votiva:</strong></span> <span class='ocrx_word' id='word_1_93' title='bbox 264 1427 411 1511; x_wconf 87' lang='lat' dir='ltr'><strong>equidem</strong></span> <span class='ocrx_word' id='word_1_94' title='bbox 433 1427 469 1490; x_wconf 92' lang='lat' dir='ltr'><strong>in</strong></span> <span class='ocrx_word' id='word_1_95' title='bbox 494 1427 546 1493; x_wconf 85' lang='lat' dir='ltr'><strong>his</strong></span> <span class='ocrx_word' id='word_1_96' title='bbox 569 1427 648 1492; x_wconf 82' lang='lat' dir='ltr'><strong>locis</strong></span> <span class='ocrx_word' id='word_1_97' title='bbox 671 1447 804 1493; x_wconf 87' lang='lat' dir='ltr'><strong>moneor</strong></span> <span class='ocrx_word' id='word_1_98' title='bbox 827 1448 847 1491; x_wconf 89' lang='lat' dir='ltr'><strong>a</strong></span> <span class='ocrx_word' id='word_1_99' title='bbox 869 1427 992 1509; x_wconf 83' lang='lat' dir='ltr'><strong>multia,</strong></span> <span class='ocrx_word' id='word_1_100' title='bbox 1021 1446 1064 1491; x_wconf 87' lang='lat' dir='ltr'><strong>ne</strong></span> 
     </span>
     <span class='ocr_line' id='line_1_14' title="bbox 105 1515 1065 1598; baseline -0.002 -16"><span class='ocrx_word' id='word_1_101' title='bbox 105 1518 141 1582; x_wconf 89' lang='lat' dir='ltr'><strong>in</strong></span> <span class='ocrx_word' id='word_1_102' title='bbox 167 1519 282 1580; x_wconf 83' lang='lat' dir='ltr'><strong>senatu</strong></span> <span class='ocrx_word' id='word_1_103' title='bbox 304 1515 472 1598; x_wconf 80' lang='lat' dir='ltr'><strong>Kalendia3</strong></span> <span class='ocrx_word' id='word_1_104' title='bbox 504 1515 655 1582; x_wconf 87' lang='lat' dir='ltr'><strong>dicuntur</strong></span> <span class='ocrx_word' id='word_1_105' title='bbox 682 1515 768 1580; x_wconf 89' lang='lat' dir='ltr'><strong>enim</strong></span> <span class='ocrx_word' id='word_1_106' title='bbox 795 1515 919 1580; x_wconf 84' lang='lat' dir='ltr'><strong>occulte</strong></span> <span class='ocrx_word' id='word_1_107' title='bbox 947 1515 1065 1580; x_wconf 85' lang='lat' dir='ltr'><strong>milites</strong></span> 
     </span>
     <span class='ocr_line' id='line_1_15' title="bbox 107 1603 1065 1690; baseline -0.002 -18"><span class='ocrx_word' id='word_1_108' title='bbox 107 1605 149 1672; x_wconf 89' lang='lat' dir='ltr'><strong>ad</strong></span> <span class='ocrx_word' id='word_1_109' title='bbox 179 1626 250 1670; x_wconf 84' lang='lat' dir='ltr'><strong>eam</strong></span> <span class='ocrx_word' id='word_1_110' title='bbox 277 1603 360 1670; x_wconf 89' lang='lat' dir='ltr'><strong>diem</strong></span> <span class='ocrx_word' id='word_1_111' title='bbox 383 1604 576 1690; x_wconf 84' lang='lat' dir='ltr'><strong>comparari,</strong></span> <span class='ocrx_word' id='word_1_112' title='bbox 607 1607 640 1668; x_wconf 90' lang='lat' dir='ltr'><strong>et</strong></span> <span class='ocrx_word' id='word_1_113' title='bbox 667 1603 795 1688; x_wconf 83' lang='lat' dir='ltr'><strong>quidem</strong></span> <span class='ocrx_word' id='word_1_114' title='bbox 823 1603 859 1668; x_wconf 89' lang='lat' dir='ltr'><strong>in</strong></span> <span class='ocrx_word' id='word_1_115' title='bbox 884 1603 979 1688; x_wconf 82' lang='lat' dir='ltr'><strong>letos,</strong></span> <span class='ocrx_word' id='word_1_116' title='bbox 1010 1604 1065 1688; x_wconf 88' lang='lat' dir='ltr'><strong>qui</strong></span> 
     </span>
     <span class='ocr_line' id='line_1_16' title="bbox 107 1691 1025 1777; baseline -0.002 -18"><span class='ocrx_word' id='word_1_117' title='bbox 107 1693 191 1760; x_wconf 90' lang='lat' dir='ltr'><strong>mihi</strong></span> <span class='ocrx_word' id='word_1_118' title='bbox 212 1693 362 1758; x_wconf 84' lang='lat' dir='ltr'><strong>videntur</strong></span> <span class='ocrx_word' id='word_1_119' title='bbox 383 1693 487 1758; x_wconf 84' lang='lat' dir='ltr'><strong>ubivis</strong></span> <span class='ocrx_word' id='word_1_120' title='bbox 509 1693 611 1758; x_wconf 79' lang='lat' dir='ltr'><strong>tutius</strong></span> <span class='ocrx_word' id='word_1_121' title='bbox 634 1713 732 1777; x_wconf 90' lang='lat' dir='ltr'><strong>quam</strong></span> <span class='ocrx_word' id='word_1_122' title='bbox 753 1693 788 1758; x_wconf 91' lang='lat' dir='ltr'><strong>in</strong></span> <span class='ocrx_word' id='word_1_123' title='bbox 811 1695 926 1758; x_wconf 84' lang='lat' dir='ltr'><strong>senatu</strong></span> <span class='ocrx_word' id='word_1_124' title='bbox 946 1691 1025 1757; x_wconf 83' lang='lat' dir='ltr'><strong>fore.</strong></span> 
     </span>
    </p>
   </div>
   <div class='ocr_carea' id='block_1_5' title="bbox 181 1847 875 1921">
    <p class='ocr_par' dir='ltr' id='par_1_5' title="bbox 181 1847 875 1921">
     <span class='ocr_line' id='line_1_17' title="bbox 181 1847 875 1921; baseline -0.003 -15"><span class='ocrx_word' id='word_1_125' title='bbox 181 1847 234 1921; x_wconf 75' lang='lat' dir='ltr'><strong>Ep.</strong></span> <span class='ocrx_word' id='word_1_126' title='bbox 253 1855 295 1918; x_wconf 62' lang='grc' dir='ltr'><strong>Ἡ,</strong></span> <span class='ocrx_word' id='word_1_127' title='bbox 314 1856 338 1904; x_wconf 73' lang='lat'><strong>2.</strong></span> <span class='ocrx_word' id='word_1_128' title='bbox 357 1865 459 1917; x_wconf 69' lang='lat' dir='ltr'><strong>mmet,</strong></span> <span class='ocrx_word' id='word_1_129' title='bbox 476 1851 573 1906; x_wconf 63' lang='lat' dir='ltr'><strong>Modo</strong></span> <span class='ocrx_word' id='word_1_130' title='bbox 591 1849 666 1914; x_wconf 64' lang='lat' dir='ltr'><strong>(Wl.</strong></span> <span class='ocrx_word' id='word_1_131' title='bbox 684 1865 707 1906; x_wconf 82' lang='lat' dir='ltr'><strong>o.</strong></span> <span class='ocrx_word' id='word_1_132' title='bbox 725 1849 762 1904; x_wconf 86' lang='lat' dir='ltr'><strong>D.</strong></span> <span class='ocrx_word' id='word_1_133' title='bbox 781 1847 875 1920; x_wconf 66' lang='lat' dir='ltr'><strong>vulgo.</strong></span> 
     </span>
    </p>
   </div>
   <div class='ocr_carea' id='block_1_6' title="bbox 0 0 1314 3976">
    <p class='ocr_par' dir='ltr' id='par_1_6' title="bbox 0 0 1314 3976">
     <span class='ocr_line' id='line_1_18' title="bbox 0 0 1314 3976; baseline 0 0"><span class='ocrx_word' id='word_1_134' title='bbox 0 0 1314 3976; x_wconf 95' lang='lat' dir='ltr'><strong> </strong></span> 
     </span>
    </p>
   </div>
  </div>
 </body>
</html>
