2594 3976
260 251 325 315 498
544 257 582 310 M.
602 255 724 310 TULLII
741 253 933 311 CICERONIS

260 396 299 460 de
323 397 463 461 adventu
485 419 557 463 meo
572 420 712 483 aenaeae,
736 403 768 463 et
785 393 826 462 ’τὰ
840 394 913 482 ὅλα,
936 421 1006 466 eras
1029 401 1057 465 ei
1078 401 1205 486 perspici

260 485 434 570 potuerint,
457 506 552 551 mane
576 488 686 552 siaiim
707 489 746 551 ui
767 488 876 552 seiam.

696 679 780 744 XLI.
810 744 816 748 .

356 799 413 854 Ser.
432 800 461 854 in
481 799 639 854 Tusculano
657 817 753 859 menae
772 800 908 866 Quinctili
926 819 951 856 a.
969 820 997 858 u.
1016 819 1040 858 e.
1060 809 1116 857 ⁷03.

532 904 680 960 OIGERO
697 906 848 962 ΑΤΤΙΟΟ
866 907 950 963 SAL.

233 1029 245 1068 1
325 1009 398 1098 Ego
428 1034 504 1078 vero
531 1013 652 1089 Quinio
684 1015 854 1099 epistolam
887 1015 928 1079 ad
959 1035 1103 1080 sororem
1132 1016 1204 1080 misi.

260 1099 366 1176 Quum
393 1101 447 1166 ille
474 1105 661 1185 quereretur
686 1103 753 1170 filio
782 1125 854 1167 cum
881 1107 984 1168 maire
1014 1104 1133 1168 bellum
1153 1123 1205 1168 esse

260 1192 349 1254 eise
372 1190 414 1254 ob
437 1211 509 1254 eam
532 1211 662 1256 eausam
684 1191 780 1256 domo
808 1212 972 1256 cessurum
998 1192 1066 1258 filio
1090 1192 1207 1274 dicaret,

260 1277 325 1341 dixi
351 1277 443 1342 illum
479 1278 663 1344 commodas
695 1279 736 1344 ad
767 1281 903 1344 mairem
934 1280 1075 1363 litterae,
1110 1280 1150 1344 ad
1179 1283 1207 1342 ie

259 1367 379 1430 nullas:
411 1366 465 1430 ille
488 1367 625 1431 alterum
654 1367 844 1452 mirabatur,
877 1367 915 1432 de
937 1371 970 1431 te
994 1371 1104 1434 autem
1127 1390 1207 1432 suam

260 1455 400 1540 eulpam,
432 1454 518 1538 quod
550 1473 644 1539 saepe
671 1456 813 1540 graviter
840 1455 881 1520 ad
907 1455 1010 1520 filium
1037 1456 1209 1540 suiipsisset

259 1542 299 1606 de
325 1546 383 1606 iua
409 1543 444 1606 in
470 1543 562 1606 illum
589 1543 715 1608 iniuria.
761 1543 853 1620 Quod
881 1549 988 1608 autem
1016 1543 1208 1630 relanguisse

259 1651 294 1692 ee
317 1630 407 1715 dicii,
430 1651 490 1717 ego
514 1630 545 1695 ei
565 1631 630 1696 iuis
653 1632 769 1696 litteris
792 1631 883 1696 lectis
907 1635 1056 1708 σκολιαῖς
1078 1627 1209 1707 ἀπάταις

260 1718 438 1802 significavi
461 1739 511 1782 me
534 1741 602 1784 non
624 1719 694 1784 fore
712 1720 731 1758 *
752 1723 823 1783 tum
845 1720 931 1784 enim
953 1721 1077 1785 mentio
1101 1719 1208 1785 Canae.

233 1822 245 1860 2
261 1803 410 1890 Omnino,
433 1806 460 1870 si
473 1805 506 1870 id
521 1807 690 1872 eonsilium
712 1809 861 1892 placeret,
885 1811 969 1873 esaei
987 1829 1131 1892 necesse,
1152 1809 1207 1890 sed,

258 1897 296 1958 ui
318 1895 439 1978 scribis,
461 1895 546 1960 ratio
564 1899 614 1960 esi
635 1895 785 1960 habenda
803 1896 980 1981 gravitatis,
1003 1900 1037 1960 ei
1050 1897 1206 1980 uuiusque

258 1988 406 2048 nostrum
427 1983 514 2047 idem
536 1983 704 2049 eonsilium
728 2005 798 2048 esse
821 1984 924 2070 debet,
947 1983 1009 2048 etsi
1031 1985 1068 2048 in
1081 2007 1132 2048 me
1145 2005 1205 2070 gra·

258 2072 363 2136 viores
394 2071 530 2136 iniuriae
567 2075 601 2136 ei
631 2075 716 2136 cerie
751 2071 910 2155 notiorea3
946 2071 974 2136 si
1005 2093 1083 2138 uero
1119 2074 1204 2137 etiam

259 2159 379 2225 Brutus
415 2159 536 2244 aliquid
573 2159 696 2244 afferet,
721 2161 822 2225 ⁴nulla
857 2160 1018 2224 dubitatio
1050 2165 1108 2225 esu
1151 2158 1202 2225 sed

259 2270 382 2332 eoram3
415 2269 534 2334 magna
566 2248 652 2312 euim
683 2269 734 2313 ree
761 2253 806 2313 est
835 2253 868 2312 et
893 2249 1014 2313 multae
1042 2249 1201 2314 cautionis:

259 2357 330 2408 eras
351 2337 461 2423 igiiur‚
482 2335 547 2402 nisi
570 2336 646 2420 quid
669 2359 689 2400 a
711 2340 743 2400 ie
767 2339 972 2402 commeatus,

687 2529 787 2595 XLII.

295 2649 351 2706 Ser.
370 2651 401 2704 in
415 2649 573 2706 Tusculano
591 2653 709 2706 exeunte
727 2668 821 2706 manse
835 2651 981 2706 Decembri
999 2666 1024 2706 a.
1040 2669 1067 2705 u.
1081 2666 1104 2705 e.
1121 2656 1173 2705 709.

532 2756 679 2812 CICERO
697 2755 847 2811 ATTICO
865 2756 948 2811 SAL.

233 2885 244 2922 1
324 2863 425 2931 Venit
446 2865 499 2929 ille
523 2865 563 2929 ad
593 2887 657 2949 me,
688 2862 744 2929 καὶ
770 2861 858 2948 μάλα
884 2860 1049 2948 κατηφής,
1083 2867 1116 2928 ei
1141 2885 1202 2950 ego:

259 2949 320 3039 „ui
343 2950 381 3019 δὲ
404 2948 446 3037 δὴ
468 2956 504 3018 τί
523 2949 704 3030 σύννους;“
734 2951 904 3039 „Rogas‘?“
925 2953 1040 3036 inquii,
1061 2953 1132 3037 „eui
1153 2953 1203 3018 iter
1279 2969 1280 2972 ’

259 3045 371 3128 insiei,
394 3045 427 3108 ei
447 3042 510 3106 iter
532 3041 572 3105 ad
595 3042 728 3126 bellum,
750 3041 846 3125 idque
869 3063 968 3125 quum
990 3040 1203 3125 periculosum,
1279 3103 1280 3108 ,

330 3235 353 3289 E
376 3276 382 3289 .
401 3240 443 3302 41,
464 3243 487 3290 1.
507 3235 605 3290 bellum
623 3250 676 3289 esee
693 3239 718 3289 et
735 3234 811 3304 (W.).
830 3234 854 3288 b.
872 3238 898 3288 et
915 3232 1009 3304 vulgo.
1030 3263 1063 3272 -
1083 3232 1142 3300 fore
1157 3234 1204 3287 ira-

261 3311 326 3360 tum.
347 3253 467 3375 famu.)
482 3307 532 3360 aut
548 3307 568 3373 f.
583 3305 641 3373 filio
660 3305 715 3372 (vel
726 3304 781 3374 ille)
799 3305 910 3358 iratum.
931 3303 1002 3358 Tum
1020 3303 1068 3372 (W
1069 3325 1090 3370 .;
1109 3303 1127 3358 l.
1143 3304 1204 3373 eonj.
1279 3317 1280 3374 ι

262 3376 281 3440 f.
300 3376 326 3429 ei
342 3377 377 3430 ir.
398 3375 488 3445 Tum).
512 3406 548 3416 —
578 3377 648 3430 Tum
666 3375 748 3430 etiam
764 3376 863 3430 mentio
882 3373 938 3499 Sor.
958 3373 1040 3456 conj.)
1060 3375 1112 3456 aui
1130 3374 1160 3428 T.
1177 3390 1205 3427 m.

262 3444 310 3512 (L).
341 3448 386 3499 An
399 3447 511 3513 few*
524 3447 540 3480 '¹‘
554 3447 584 3513 *ς
601 3452 660 3501 tum
672 3447 743 3501 euim
760 3463 805 3514 na,
823 3449 855 3500 ut
872 3462 956 3516 pura
973 3445 1129 3500 exaudermt
1189 3467 1205 3511 .;

263 3514 320 3569 fore
334 3553 428 3571 .....
443 3521 501 3570 tam
518 3519 589 3572 enim
607 3535 641 3573 m.
660 3518 720 3587 B.)?
757 3525 781 3573 2.
810 3521 971 3574 eomuoeatue
989 3515 1094 3587 (MEL,
1177 3518 1206 3586 o).

263 3589 390 3639 commeat
408 3583 453 3640 Or.
473 3587 552 3656 conj„
571 3588 601 3643 Β.
