2608 3972
287 246 548 306 EPISTOLARUM
566 250 616 306 AD
634 249 799 306 ATTIGUM
816 251 838 306 1.
858 257 900 307 13.
1036 251 1077 315 17

19 467 20 470 ¹
116 399 327 461 removentur
350 417 370 460 a
397 417 508 479 eausa,
537 417 654 482 operae
682 401 923 481 comparentem
949 399 1078 461 nosmet

115 485 194 569 ipsi,
227 485 284 568 qui
306 482 466 570 Lycurgei
488 505 509 548 a
529 483 689 569 principio
716 484 904 567 fuissemus,
935 483 1078 570 quotidie

116 572 362 658 domitigamur,
392 571 496 638 instat
527 575 560 636 et
590 575 688 656 urget
711 568 807 637 Oete:
844 571 920 656 quid
952 571 1077 637 multa?

118 681 246 744 vereor,
278 681 321 724 ne
342 658 424 724 haee
445 660 594 744 neglecta
617 682 637 723 a
659 659 767 744 bonis,
796 660 929 725 defensa
956 659 997 724 ab
1019 661 1078 724 im·

115 748 229 832 probis
262 769 456 833 magnorum
478 748 525 812 rei
549 747 698 834 publicae
726 747 885 812 malorum
907 769 1005 813 eausa
1027 749 1078 812 sit.

116 835 207 901 Tuus
231 839 341 901 autem
367 836 422 901 ille
450 836 571 901 amiens
594 871 637 885 -
661 836 730 901 sein
753 857 849 920 quem
875 835 1002 901 dicam?
1038 836 1106 902 der

116 945 181 1008 quo
210 927 249 989 tu
279 924 321 988 ad
347 945 398 990 me
421 924 593 1009 scripsisti,
618 926 830 1009 posteaquam
857 945 924 989 nou
948 925 1080 989 auderet

115 1012 362 1097 reprehendere,
373 1013 506 1078 laudare
520 1013 663 1096 coepisse
675 1047 718 1060 -
727 1034 798 1097 nos,
810 1015 849 1077 ut
862 1012 1011 1097 ostendit,
1025 1011 1080 1078 ad·

116 1101 252 1167 modum
267 1101 382 1185 diligit,
405 1101 618 1185 amplectitur,
640 1103 737 1185 amat,
759 1103 868 1184 aperte
887 1101 1006 1185 laudat,
1029 1121 1080 1166 oo·

117 1189 215 1273 eulte,
239 1188 295 1253 sed
309 1189 370 1272 ita,
379 1192 417 1253 ut
430 1189 634 1273 perspicuum
649 1189 700 1272 sit,
722 1189 857 1254 invidet:
880 1189 962 1254 nihil
979 1205 1081 1272 eome,

115 1276 201 1342 nihil
225 1277 370 1361 simplex,
393 1277 475 1358 nilril
497 1275 535 1341 ἐν
551 1279 622 1354 τοῖς
639 1281 821 1354 πολιτικοῖς
842 1277 976 1362 illustre,
997 1278 1080 1342 nihil

116 1365 310 1448 honestum,
335 1365 419 1431 nihil
440 1364 539 1448 forte,
565 1365 648 1430 nihil
669 1364 815 1430 liberum.
851 1364 914 1432 Sed
936 1366 1016 1431 haee
1038 1365 1079 1430 ad

115 1457 151 1518 te
174 1453 316 1518 scribam
343 1454 423 1518 alias
452 1452 615 1538 subtilius,
641 1474 719 1519 nam
741 1475 845 1538 neque
868 1454 972 1518 adhue
999 1453 1080 1518 mihi
1110 1452 1113 1456 ’

121 1542 202 1606 satis
226 1545 308 1608 nota
330 1547 407 1606 sunt
429 1545 463 1606 et
483 1541 559 1608 huie
581 1546 686 1607 terrae
709 1541 775 1607 filio
798 1543 906 1607 neseio
921 1543 972 1607 eui
995 1563 1079 1608 eom-

116 1631 250 1695 mittere
274 1631 445 1714 epistolem
468 1631 568 1695 tantis
592 1630 744 1696 derebus
766 1651 835 1696 non
857 1631 969 1696 audeo.
1002 1629 1107 1696 Pro-s

119 1719 246 1783 vineias
279 1721 443 1801 praetores
466 1719 612 1784 nondum
635 1717 741 1784 sortiti
765 1721 853 1783 sunt:
884 1741 935 1784 res
967 1719 1080 1783 eodem

117 1809 171 1872 est
193 1807 268 1890 looi,
292 1827 355 1890 quo
379 1807 545 1890 reliquisti.
580 1809 793 1872 Τοποθεσίαν
816 1828 913 1891 quam
934 1807 1080 1891 postulas

116 1893 241 1961 Miseni
265 1897 298 1958 et
320 1893 529 1960 Puteolorum
552 1895 715 1959 includam
739 1895 877 1961 orationi
899 1915 1002 1959 meae:
1033 1915 1080 1978 „a

115 1983 148 2047 d.
170 2001 218 2047 111.
246 1981 334 2047 Non.
361 1980 547 2047 Deoembr.“
573 1983 726 2048 mendose
753 1983 854 2047 fuisse
881 1982 1081 2060 animadver-

115 2074 231 2136 teram.
284 2069 372 2146 Quae
403 2071 516 2136 laudas
548 2093 587 2136 ex
619 2071 836 2154 orationibus,
867 2071 948 2135 mihi
979 2070 1080 2152 erede,

115 2159 213 2224 valde
236 2158 319 2223 mihi
340 2159 526 2243 placebant,
558 2159 614 2224 sed
640 2181 708 2224 non
736 2158 891 2223 audebam
916 2160 1012 2221 antea
1034 2157 1080 2220 di-

117 2269 204 2332 cere,
240 2268 330 2311 nune
357 2269 448 2331 vero,
480 2248 565 2331 quod
593 2251 667 2312 ate
694 2245 832 2331 probata
859 2247 949 2328 suut,
977 2246 1080 2309 multo

117 2337 201 2400 mihi
224 2329 425 2418 ἀττικῶτερα
439 2335 604 2400 ridentur.
640 2334 681 2398 In
702 2335 793 2398 illam
816 2333 996 2399 orationem
1013 2331 1080 2398 lde-

116 2425 268 2489 tellinam
291 2423 400 2488 addidi
423 2423 593 2507 quaedam:
615 2423 697 2488 liber
718 2422 780 2487 tibi
801 2423 957 2505 mittetur,
980 2443 1081 2506 quon·

116 2513 186 2578 iam
216 2515 250 2576 te
283 2533 375 2576 amor
405 2512 509 2575 nostri
540 2507 768 2596 φιλορρήτορα
799 2508 946 2574 reddidit.
995 2509 1108 2575 Novio

117 2601 182 2665 tibi
204 2599 361 2684 quidnam
384 2599 544 2665 scribam?
567 2599 666 2684 quid?
689 2601 800 2664 etiam:
831 2596 984 2662 Messalla
1006 2619 1081 2663 eon-

118 2689 171 2753 sul
185 2687 427 2753 Autronianam
445 2688 575 2753 domum
594 2687 672 2752 emit
691 2685 952 2765 Hs.†cxxx1111.
979 2683 1081 2770 „Quid

117 2777 220 2840 idad
248 2773 346 2840 me?“
372 2776 506 2860 inquies.
552 2776 709 2859 Tantum,
739 2774 825 2859 quod
853 2797 891 2840 ea
919 2775 1080 2858 emptione

118 2869 155 2929 et
177 2885 239 2930 nos
262 2865 345 2928 bene
368 2865 482 2928 emisse
508 2863 641 2929 iudicati
671 2885 781 2928 sumus
808 2866 841 2926 et
862 2861 1010 2929 homines
1032 2863 1080 2925 iu·

120 2953 272 3038 tellig'ere
295 2955 470 3036 coeperunt
490 2951 586 3016 licere
610 2952 786 3017 amicorum
814 2950 1023 3017 facultatibus
1045 2949 1081 3012 in

192 3090 245 3160 Ep.
266 3097 313 3158 13,
336 3097 361 3145 3.
392 3091 459 3145 haee
475 3091 545 3161 sept.
565 3091 766 3159 ...improbis
788 3107 822 3144 m.
848 3090 902 3156 (W.
921 3091 952 3144 et
967 3087 1079 3154 mota).

119 3161 157 3228 h,
174 3177 203 3215 a.
220 3202 226 3212 .
242 3203 248 3214 .
263 3162 293 3228 i,
310 3177 345 3216 m.
361 3161 455 3231 vulgo.
493 3167 518 3215 4.
536 3159 647 3216 diram?
665 3161 698 3214 de
713 3203 718 3214 .
735 3202 740 3214 .
758 3203 763 3214 .
782 3159 1080 3228 coepisse-aes(g.).

120 3233 147 3286 d.
168 3262 201 3270 -
222 3232 367 3298 de...e.,
389 3247 440 3286 aas
458 3231 552 3302 vulgo,
577 3261 610 3271 -
633 3231 683 3296 elz,
705 3231 777 3286 nitet
794 3231 934 3284 heuman
951 3227 989 3294 (Z.
1009 3227 1080 3294 Ml).

121 3301 183 3356 Om.
196 3301 237 3356 all.
252 3302 313 3368 Ma,
326 3302 359 3356 R.
378 3303 450 3368 toa,
467 3319 495 3356 a.
510 3303 550 3356 au.
564 3301 594 3369 1,
609 3301 702 3370 vulgo.
740 3305 764 3354 5.
784 3317 828 3365 „a
843 3300 869 3353 d.
885 3297 1080 3352 ..Deranbr.“

116 3371 197 3441 (Ψ).
217 3389 243 3427 a.
263 3371 492 3428 a...1>ecembr.
516 3372 611 3442 vulgo.
634 3401 669 3412 -
701 3364 889 3440 φιλορρήτορα
908 3367 983 3436 (W.).
1003 3371 1081 3436 φιλο-

121 3437 227 3513 ρὴτορα
245 3444 340 3514 vulgo.
354 3443 543 3511 philometore
561 3441 627 3497 ΜΒ.
683 3449 706 3494 6.
725 3445 744 3505 †
762 3457 876 3492 amun
895 3439 905 3504 (
939 3437 1000 3504 Rq,
1015 3437 1079 3502 W.).

122 3531 278 3594 cooemvu
302 3513 333 3583 I.,
356 3514 452 3584 vulgo.
480 3531 574 3569 mvn
601 3511 798 3579 (Casaubon.)?
831 3507 871 3576 B,
897 3510 930 3560 ut
951 3507 1005 3573 W,
1031 3504 1081 3558 sed

122 3599 181 3638 sme
199 3589 225 3650 †.

175 3670 290 3715 crearent·
304 3674 367 3722 epist
382 3672 415 3714 11.
849 3668 866 3716 2
