2522 3960
226 205 486 264 EPISTOLARUM
503 206 553 262 AD
570 205 736 262 ATTICUM
753 205 787 262 V.
806 211 849 261 21.
950 203 1014 270 185

61 371 140 438 nego
162 356 311 436 sumptus
341 352 476 418 facturn:
507 355 635 436 praeter
662 373 735 416 cum
762 351 887 436 accepit
907 371 1012 416 nemo.

62 439 124 505 Has
151 461 172 504 a
199 444 314 506 nostro
346 438 383 517 Q.
410 440 531 505 Titinio
563 441 673 505 sordes
705 441 894 526 accepimus.
938 437 1039 524 Egon

64 529 185 594 aestivis
208 529 365 594 confectis
384 526 539 605 Quintum
560 527 694 593 fratrem
715 528 859 593 hibernis
883 531 917 592 et
938 525 1014 592 Oili-

64 617 123 681 ciae
148 617 303 703 praefeci3
335 615 372 693 Q.
398 615 583 700 Volusium,
618 617 667 682 tui
698 615 819 681 Tiberii
849 637 1014 701 generum,

64 709 178 770 certum
209 706 389 790 hominem,
420 704 477 770 scd
503 705 636 770 mirifice
663 705 762 770 etiam
789 705 1015 788 abstinentem,

65 795 130 858 misi
150 794 185 858 in
200 791 353 878 Cyprum,
375 795 412 858 ut
424 793 470 857 ibi
492 795 647 877 pauculos
661 793 729 858 dies
749 797 843 877 essct,
865 813 907 857 ne
929 793 1014 857 cives

65 880 195 946 Romani
218 883 325 966 pauci,
348 881 403 967 qui
415 882 482 946 illic
496 882 715 968 negotiantur,
735 882 786 946 ius
809 881 871 946 sibi
894 880 1015 944 dictum

66 974 229 1056 negarent,
252 992 330 1035 nam
353 970 480 1036 evocari
502 990 541 1036 ex
562 970 669 1035 insula
683 968 818 1055 Cyprios
840 991 909 1034 non
931 969 1014 1032 licet.

66 1056 131 1142 lpse
151 1060 187 1124 in
200 1057 316 1124 Asiam
337 1058 501 1144 profectus
523 1080 594 1123 sum
608 1057 709 1124 Tarso
727 1056 833 1124 Nonis
846 1056 1015 1140 Ianuariis,
1029 1068 1043 1111 τ

67 1166 126 1210 uon
147 1147 328 1212 mehercule
352 1147 414 1212 dici
436 1150 553 1231 potest,
576 1168 640 1231 qua
660 1147 871 1212 admiratione
886 1143 1015 1211 Ciliciae

68 1234 223 1300 civitatum
237 1236 438 1320 maximeque
452 1235 668 1300 Tarsensium.
694 1234 813 1300 Postea
828 1256 904 1300 vero
918 1255 1017 1318 quam

69 1321 200 1388 Taurum
213 1327 436 1410 transgressus
457 1346 538 1410 sum,
560 1324 695 1388 mirifica
708 1323 903 1409 exspectatio
917 1321 1016 1386 Asiae

69 1415 243 1476 rosnarum
266 1412 473 1498 dioecesium,
505 1433 587 1497 quac
615 1435 670 1477 sex
696 1412 861 1478 mensibus
890 1411 1016 1496 imperii

70 1500 124 1563 nei
147 1501 255 1565 nullas
283 1522 371 1566 meas
399 1503 567 1586 acceperat
592 1501 731 1585 litteras,
756 1521 932 1585 numquam
959 1497 1037 1564 ho'

72 1589 175 1672 spitem
197 1589 337 1673 viderat3
358 1589 439 1654 illud
461 1592 570 1654 autem
591 1592 719 1675 tempus
743 1588 918 1674 quotannis
941 1591 1017 1652 aute

72 1677 240 1746 maluerat
261 1678 297 1742 iu
319 1677 382 1742 hoc
405 1681 553 1762 quaestu:
586 1678 732 1743 civitates
758 1678 949 1762 locupletes,
975 1698 1018 1740 ne

72 1764 243 1830 iuhiberna
252 1767 371 1832 milites
379 1767 568 1851 reciperent,
580 1787 716 1852 magnas
725 1767 879 1851 pecunias
887 1765 1019 1848 dabant,

73 1848 170 1938 Cyprii
186 1856 311 1919 talenta
324 1853 436 1920 Attica
450 1871 508 1939 cc,
531 1876 595 1939 qua
609 1876 648 1919 cx
661 1855 768 1920 insula
782 1891 824 1902 -
839 1876 906 1920 non
919 1847 1019 1938 dusp-

73 1941 209 2027 βολικῶς,
232 1943 289 2008 sed
311 1943 476 2008 verissime
493 1944 609 2028 loquor
623 1979 665 1990 -
679 1965 830 2010 nummus
844 1943 953 2007 nullus
966 1962 1018 2007 me

74 2029 228 2096 obtinente
251 2032 447 2119 erogabitur.
479 2030 529 2097 Ob
542 2032 623 2096 haec
645 2032 810 2116 beneficia,
833 2031 948 2115 quibus
970 2029 1019 2094 illi

75 2118 307 2206 obstupescunt,
338 2120 445 2186 nullos
476 2119 616 2186 honoros
648 2120 728 2185 mihi
758 2119 822 2184 nisi
848 2118 1019 2183 verborum

75 2205 189 2272 decerni
212 2208 294 2293 sino,
316 2212 455 2294 statuas,
476 2208 562 2293 fana,
584 2206 749 2292 τέθριππα
771 2206 937 2293 prohibeo,
959 2225 1020 2271 nco

77 2313 138 2360 sum
149 2296 182 2360 iu
196 2297 263 2362 ulla
275 2318 311 2361 re
329 2298 393 2362 alia
411 2298 566 2362 molestus
588 2296 781 2381 civitatibus,
803 2294 859 2360 sed
881 2295 1019 2360 fortasse

76 2381 135 2468 tibi,
155 2385 208 2469 qui
229 2385 310 2450 haec
332 2386 512 2471 praedicem
527 2384 566 2450 de
579 2407 646 2450 me:
669 2384 789 2470 perier,
811 2384 838 2448 si
851 2404 903 2448 me
917 2403 1020 2466 amas,

79 2471 208 2538 tuenim
229 2494 282 2539 me
304 2473 384 2539 haec
405 2473 511 2539 facere
530 2474 670 2539 voluisti.
696 2472 763 2538 Iter
779 2473 881 2558 igitur
902 2473 949 2537 ita
962 2482 1047 2556 per·

81 2555 177 2625 Asiam
197 2562 274 2647 feci,
300 2565 339 2627 ut
364 2562 462 2628 etiam
483 2562 586 2627 fames
609 2597 651 2609 -
676 2583 739 2647 qua
767 2561 850 2626 nihil
872 2561 1020 2626 miserius

81 2650 121 2711 cst
140 2685 193 2735 -,
215 2654 389 2734 quactum
412 2654 482 2715 erat
503 2651 540 2714 in
561 2649 622 2715 hac
645 2670 717 2714 mea
738 2648 819 2714 Asia
842 2685 884 2696 -
907 2649 1020 2714 messis

82 2736 153 2802 erim
177 2738 268 2803 nulla
293 2737 401 2804 fuerat
427 2775 484 2822 -,
515 2737 595 2803 mihi
625 2737 768 2823 optanda
794 2737 906 2803 fuerit:
943 2759 1020 2822 qua·

81 2841 199 2912 cunque
220 2826 284 2891 iter
304 2826 376 2912 feci,
397 2827 488 2892 nulla
510 2827 551 2911 ri,
573 2825 663 2892 nullo
683 2826 810 2911 iudicio,
832 2827 923 2891 nulla
945 2847 1020 2890 con·

78 3019 126 3091 (ll,
146 3022 271 3094 plerique
293 3021 369 3090 Mau,
392 3025 408 3076 3
428 3019 490 3076 cdd.
508 3035 555 3088 m,
574 3019 672 3090 ph.,1.
691 3048 727 3060 ·-
748 3018 797 3073 sed
815 3017 885 3072 haec
907 3019 1018 3100 accat,

77 3089 112 3146 tic
129 3094 203 3161 suat,
226 3096 259 3148 ut
280 3091 342 3148 Ar.
364 3121 412 3161 -,
434 3091 477 3159 Pa,
501 3089 550 3146 scd
571 3091 700 3159 acuam,
723 3089 793 3158 W.).
816 3088 862 3143 aad
886 3103 935 3156 qus
952 3089 980 3140 Ι.
999 3089 1018 3143 l.

77 3165 214 3220 traam
227 3165 392 3234 (tamitana
410 3163 461 3232 m.)
476 3191 510 3202 ·-
527 3161 606 3215 semel
620 3202 627 3215 .
642 3200 650 3214 .
664 3200 671 3213 .
687 3201 693 3214 .
711 3159 845 3225 solebant,
863 3173 897 3212 aa
916 3157 1019 3226 (velut

78 3233 115 3287 vel
131 3235 170 3304 ia)
192 3251 216 3291 o.
239 3235 308 3290 vicia
329 3264 364 3274 -
382 3233 527 3302 waepero,
548 3231 618 3298 sucat
637 3231 728 3301 (Ἧι
764 3247 801 3295 a,
817 3229 862 3283 bic
878 3228 977 3298 fucit(
1003 3270 1019 3298 .,

79 3302 112 3357 cd.
132 3303 233 3375 Caroli,
257 3305 353 3375 Iacl.)?
387 3303 453 3374 [aad]
480 3302 507 3356 I.
531 3302 549 3356 l.
568 3301 701 3367 transita,
723 3316 744 3355 a.
765 3299 893 3365 ..vicia
911 3297 970 3380 [pr.
989 3339 1019 3354 ..

80 3377 176 3458 stanit]
198 3377 220 3444 f.
244 3376 276 3431 Β.
295 3379 408 3446 practer
506 3387 560 3428 occ.
579 3371 645 3454 Em,
663 3389 697 3454 ax
715 3386 743 3440 g.
762 3368 833 3440 conj.
852 3368 965 3424 delevit.
984 3399 1020 3411 ·-

80 3447 252 3586 ῗέῗῗΨ
267 3444 515 3572 ,terrra
534 3439 838 3583 arra-ua:
857 3439 1020 3581 duh't

80 3582 105 3640 Β.
135 3593 157 3644 l.
174 3588 329 3660 cropobitur
348 3589 401 3658 (A,
418 3603 471 3654 vc,
489 3585 529 3654 L).
548 3583 712 3654 accuratur
729 3581 834 3652 naa,
852 3580 883 3637 B.
