2484 3974
240 205 305 272 328
525 204 706 261 M-'I'ULLII
723 203 914 264 CICERONIS

238 371 416 436 numquam
441 350 551 430 †1am
577 354 726 416 nostrum
756 371 867 415 earum
893 349 1101 416 intervallum
1126 349 1189 416 fuit

239 438 1098 613 qqrrsgquq,qbgqreqpqupquliidtelppgqeqtuffirqued
1120 435 1228 504 eae

698 687 739 752 A.

335 806 393 864 Ser.
411 808 442 862 in
460 807 608 862 Formiano
628 823 652 864 a.
672 807 699 862 d.
718 807 805 862 XIIII.
824 806 964 862 Kalendas
982 805 1105 877 Apriles.
1180 825 1184 834 ’
1228 799 1229 834 ³

426 909 555 968 CICERO
575 912 647 967 IMP.
667 913 694 968 S.
713 912 745 968 D.
766 911 921 968 CAESARI
938 911 1013 967 IlIP.

215 1044 226 1085 ι
306 1020 354 1089 Ut
374 1022 440 1108 legi
461 1025 536 1087 tuae
557 1021 696 1105 litteras,
723 1043 802 1106 quas
826 1043 846 1086 a
867 1019 990 1086 Furnio
1012 1024 1126 1086 nostro
1148 1040 1188 1083 ae·

241 1131 396 1196 ceperam,
418 1110 535 1194 quibus
558 1131 683 1175 mecum
704 1109 833 1196 agebas,
854 1113 892 1174 ut
905 1109 947 1173 ad
960 1108 1075 1174 urbem
1090 1129 1190 1188 essen,
1229 1145 1230 1148 =

240 1200 376 1264 terelle
399 1199 448 1264 uti
470 1197 605 1264 consilio
628 1202 662 1263 et
688 1197 847 1284 dignitate
875 1219 961 1282 mea,
993 1197 1103 1262 minus
1129 1218 1187 1261 sun

240 1285 430 1352 admiratus:
466 1286 505 1352 de
533 1286 639 1372 gratia
665 1290 698 1350 et
724 1287 763 1351 de
794 1307 855 1371 ope
882 1248 961 1369 quid
992 1285 1190 1371 significares,

240 1396 366 1440 mecum
392 1375 461 1459 ipse
489 1373 695 1459 quaerebam,
726 1397 783 1460 spe
811 1378 923 1439 tamen
950 1374 1131 1438 deducebar
1156 1371 1187 1435 ad

241 1485 313 1528 eam
336 1463 574 1549 cogitationem,
596 1468 634 1529 ut
652 1467 686 1528 te
708 1486 768 1548 pro
790 1467 849 1528 tua
871 1462 1054 1528 admirabili
1077 1483 1115 1526 ac
1136 1461 1188 1524 sin·

242 1553 347 1638 galeri
378 1552 538 1636 sapientia
569 1551 607 1616 de
631 1551 721 1635 otio,
757 1551 796 1615 de
827 1572 920 1636 pace,
957 1551 995 1614 de
1028 1549 1188 1615 concordia

242 1639 360 1704 civium
391 1640 446 1725 agi
476 1641 557 1704 valle
585 1638 769 1723 arbitrarer,
801 1642 835 1704 et
866 1639 907 1704 ad
938 1661 1009 1703 eam
1041 1639 1187 1704 rationem

242 1727 465 1792 existimabam
494 1727 573 1793 satis
600 1731 710 1812 aptam
738 1749 807 1792 esse
834 1730 867 1792 et
892 1731 1044 1808 naturam
1071 1729 1106 1790 et
1131 1745 1189 1809 per·

215 1835 357 1880 rsonam
383 1838 497 1881 meam.
541 1815 635 1892 Quod
658 1815 685 1880 si
711 1816 759 1880 ita
781 1820 830 1881 est
852 1818 885 1880 et
908 1815 935 1880 si
957 1836 1022 1899 qua
1045 1814 1085 1880 de
1107 1813 1188 1878 Pom-

242 1903 315 2005 peio
341 1907 454 1969 nostro
481 1904 617 2006 tuendo·
630 1908 674 2006 et,
688 1903 749 1969 tibi
776 1924 813 2006 ac
840 1903 1061 2006 reipublicae
1090 1922 1187 1967 recon-

242 1991 1005 2166 ilhiidbtimttiil'tgbifittiiiiii?
1027 2009 1189 2177 llllllfit

243 2169 299 2255 qni
321 2170 423 2234 atilli
446 2191 572 2254 semper
593 2173 627 2234 et
649 2169 788 2253 senatui,
816 2169 1080 2253 quumnprimum
1101 2171 1188 2252 potu,
1232 2235 1233 2244 χ

146 2263 154 2274 “
242 2259 331 2343 pacis
368 2260 480 2323 auctor
515 2258 563 2322 fui
594 2278 654 2322 nec
691 2257 827 2341 sumptis
859 2258 956 2321 armis
987 2257 1065 2322 belli
1101 2257 1187 2320 ullam

242 2351 368 2431 partem
391 2347 486 2432 attigi
507 2346 707 2429 iudicavique
730 2367 768 2410 ιο
791 2345 876 2411 bello
893 2349 927 2410 te
941 2344 1065 2428 violari,
1088 2347 1186 2409 contra

243 2436 333 2500 cuius
355 2435 512 2500 honorem
534 2435 647 2519 populi
669 2433 809 2499 Romani
833 2433 989 2499 beneficio
1012 2451 1187 2498 concessum

242 2523 365 2588 inimici
387 2526 481 2606 atque
502 2522 604 2587 invidi
626 2521 815 2587 niterentur.
842 2520 914 2605 Sed,
935 2526 973 2586 ut
995 2543 1033 2586 eo
1055 2525 1187 2605 tempore

243 2632 311 2676 non
337 2611 434 2677 modo
464 2611 535 2696 ipse
563 2610 673 2675 fautor
699 2610 839 2695 dignitat
825 2611 908 2674 ttis
894 2616 970 2675 tuae
995 2609 1057 2693 fui,
1089 2629 1185 2674 verum

244 2700 341 2764 etiam
364 2700 477 2764 ceteris
500 2698 667 2764 auctorad
680 2703 713 2763 te
727 2697 954 2782 adiuvandum,
976 2699 1021 2762 sic
1039 2719 1091 2764 me
1113 2715 1187 2762 nunc

243 2786 388 2872 Pompeii
411 2787 554 2889 dignitas
580 2787 786 2852 vehementer
811 2790 932 2870 movet,
963 2786 1089 2871 aliquot
1113 2784 1186 2850 enin

244 2881 321 2941 sunt
347 2876 437 2958 anni,
469 2896 568 2959 quum
595 2897 653 2939 vos
679 2875 743 2941 duc
771 2875 889 2976 delegi,
919 2897 1000 2960 quoe
1031 2874 1186 2977 praecipue

244 2967 382 3030 colerem
405 2968 437 3028 ιι
464 2964 580 3048 quibus
607 2985 722 3047 essem,
755 2963 838 3028 sicut
864 2985 949 3046 sum,
980 2963 1186 3028 amicissimus

216 3052 460 3129 rQuamobrem
483 3074 503 3116 a
524 3054 557 3115 te
584 3055 660 3135 peto
687 3052 819 3117 velt
760 3055 819 3136 pot
819 3052 870 3117 ius
892 3051 1042 3117 omnibus
1070 3055 1103 3116 te
1127 3067 1186 3135 pre

244 3141 334 3206 cibus
357 3162 413 3206 oro
436 3143 471 3205 et
492 3140 646 3223 obtestor,
667 3139 736 3204 ut
726 3161 761 3204 m
783 3140 848 3206 tuis
870 3141 1020 3206 maximis
1037 3140 1118 3205 curis
1139 3136 1185 3202 ali·

13 3289 14 3298 ,
244 3229 321 3313 quid
351 3229 516 3314 impertias
547 3190 702 3312 tempbria
734 3227 810 3293 huic
841 3249 984 3313 quoque
1001 3224 1185 3314 cogitationi,

13 3345 15 3452 q
243 3321 281 3382 ιιι
306 3319 364 3382 tuo
392 3316 547 3381 beneficio
575 3314 680 3381 bonus
707 3316 769 3400 vir,
800 3319 874 3401 grat
875 3337 926 3401 us,
958 3316 1032 3401 pius
1064 3315 1185 3398 denique

14 3457 15 3490 ³
313 3473 453 3541 Ep.11,4.
473 3476 529 3526 tam
547 3473 658 3541 Ionoam
670 3488 764 3528 aarum
781 3471 880 3542 (Corr.)
897 3474 948 3528 aut
965 3478 1072 3530 tautum
1089 3469 1178 3542 (Mutet

243 3542 301 3596 iam
317 3543 473 3608 tantuma.
493 3541 549 3610 (W.
563 3545 593 3596 et
606 3541 673 3612 Β..)
