2484 3974
202 243 459 302 fflsronnuun
476 243 526 301 AD
545 244 711 302 eunoun
729 245 763 302 X.
782 251 807 303 8.
827 253 851 304 9.
944 247 1010 314 363

500 421 557 491 IX·
638 449 641 454 ,

124 543 224 634 Sosin
242 543 367 601 Cumano
385 560 411 600 u
430 545 456 599 d.
470 535 510 600 ¹V.
528 533 625 601 Nouos
642 505 733 600 Maius
752 561 777 600 e.
795 563 823 602 u.
842 563 865 604 o.
886 553 947 603 τοῦ.

318 649 467 710 GIOERO
489 649 641 707 ATTICO
659 650 742 706 SAL·

121 757 286 826 Adventus
308 758 474 824 Philotimi
499 795 538 806 —
563 763 598 824 et
619 760 710 826 ouius
731 760 889 845 hominis,
912 779 1035 846 quomr
1124 762 1126 766 '

63 845 165 912 insulsi
187 852 220 914 et
242 869 341 932 quem
364 868 458 934 ssepe
481 867 540 932 pro
563 847 716 934 Pompeio
744 849 942 914 mentientis!
966 883 1009 896 -

61 936 247 1002 exanimavit
269 957 390 1020 omnes,
413 936 468 1021 qui
490 940 741 1021 memmerunt,
763 959 840 1002 nem
861 937 931 1021 ipse
954 938 1010 1002 ob·

60 1024 155 1090 durui.
180 1024 362 1090 Dubitobet
379 1027 527 1089 nostrum
539 1045 645 1110 nemu,
668 1025 748 1110 quin
760 1023 880 1092 (leesor
893 1026 1010 1090 itinere

63 1114 268 1197 repressisset:
300 1113 408 1178 volere
435 1113 564 1198 dicitur3
594 1112 740 1179 Petreius
772 1135 845 1179 oum
871 1111 1009 1180 Afranio

62 1201 271 1268 coniunxisset
293 1223 341 1266 se:
363 1200 446 1265 nihil
459 1201 553 1266 effert
570 1201 738 1287 eiusmodi3
761 1202 838 1288 quid
861 1201 1010 1288 quaeris?

60 1290 151 1354 etiem
171 1290 336 1355 illuderet
356 1311 556 1375 persuasum,
577 1289 766 1376 Pompeium
787 1311 860 1356 cum
882 1291 1010 1378 mugnis

60 1377 154 1462 copiis
178 1379 240 1444 iter
267 1378 304 1442 in
330 1375 469 1446 Galliam
498 1398 557 1462 per
583 1377 748 1463 Illyricum
774 1379 954 1468 fecisse-
977 1379 1011 1444 id

61 1466 139 1532 enim
153 1460 360 1542 αὖθεντικῶἑ
371 1463 584 1533 nuntiabatur
592 1491 649 1551 -3
662 1468 708 1512 *κ*
718 1467 736 1507 *
745 1465 891 1533 Melitam
902 1467 1011 1554 igitur,

60 1555 180 1640 opinor,
203 1575 420 1639 capessemus,
447 1553 537 1638 dum,
564 1555 640 1638 quid
663 1555 698 1620 in
720 1554 893 1642 Hispanicu3
925 1555 1011 1641 quod

58 1643 181 1726 quidem
215 1639 450 1729 propemodum
491 1643 602 1709 videor
638 1665 677 1708 ex
712 1641 858 1710 (laeseris
894 1645 1035 1728 litteris=

57 1731 153 1815 ipsius
187 1731 356 1798 uoluntate
392 1727 497 1797 fecere
532 1754 641 1818 posse,
681 1733 737 1818 qui
772 1737 873 1820 neget
906 1753 1011 1819 neque

59 1819 220 1885 honestius
247 1839 352 1904 neque
379 1819 481 1885 tutius
509 1819 590 1884 mihi
617 1820 792 1906 quidquem
821 1843 1011 1907 essequam

57 1906 98 1972 sb
119 1909 207 1974 omni
229 1907 437 1974 contentione
461 1907 581 1974 obesse.
621 1908 731 1974 Dices:
753 1911 828 1994 „ubi
841 1930 920 1996 ergo
934 1913 1039 1975 tuusr

57 1996 257 2082 illc'enimus,
279 2017 375 2082 quem
396 1997 551 2080 proximis
571 1995 730 2062 litteris‘?“
755 1996 859 2062 Adest
881 1997 1011 2062 etidem

58 2087 116 2169 est3
151 2085 207 2151 sed
242 2085 369 2150 utinum
404 2105 476 2150 meo
513 2085 618 2150 solum
654 2085 758 2170 capite
794 2084 1011 2150 decernerem!

57 2174 204 2240 lacrimae
225 2195 372 2238 meorum
385 2193 436 2238 me
453 2173 616 2238 interdum
630 2173 781 2239 molliunt
802 2173 1012 2258 precantium,

57 2267 90 2327 ut
120 2263 160 2328 de
192 2261 360 2346 Hispaniis
394 2265 623 2347 exspectemus.
675 2260 719 2327 M.
751 2259 852 2328 coelii
883 2261 1012 2346 quidem
1087 2263 1093 2272 ’

57 2352 223 2436 epistolem
251 2351 404 2434 scriptam
434 2349 672 2435 miserabiliter,
703 2369 802 2434 quum
832 2350 896 2415 hoc
925 2349 1012 2415 idem

55 2441 251 2523 obsecraret,
280 2441 318 2505 ut
340 2443 571 2525 exspectarem,
602 2459 643 2502 ne
666 2439 815 2504 fortunas
838 2459 939 2523 meas,
970 2459 1012 2504 ne

55 2529 186 2594 unicum
210 2527 326 2612 filium,
358 2548 407 2591 ne
426 2518 515 2592 me'os
547 2544 658 2594 omnes
689 2530 757 2594 tem
787 2530 908 2593 temere
938 2547 1013 2613 pro·

57 2617 171 2700 dorem,
193 2636 261 2681 non
275 2616 345 2681 sine
367 2637 487 2701 magno
509 2615 587 2680 fletu
610 2616 760 2701 legerunt
781 2615 873 2700 pueri
895 2615 1012 2702 nostri;

55 2707 114 2770 etsi
142 2725 232 2770 meus
256 2703 384 2788 quidem
411 2707 462 2769 est
487 2704 669 2769 fortior-
692 2725 793 2789 eoque
819 2705 891 2790 ipso
917 2705 1012 2771 vehe-

55 2793 195 2859 mentius
218 2796 399 2858 commovet
414 2828 456 2840 -
479 2813 539 2858 nec
563 2791 737 2876 quidquem
759 2792 823 2858 nisi
845 2793 884 2857 de
908 2793 1011 2880 digni·

55 2886 120 2947 tete
145 2882 280 2946 laborat.
311 2879 456 2945 Melitam
478 2881 587 2966 igitur,
610 2880 733 2965 deinde,
756 2902 819 2964 quo
843 2880 1039 2946 videbitum

124 3019 176 3089 up.
196 3027 221 3088 s,
243 3026 266 3074 1.
299 3020 528 3074 contemsero
553 3017 599 3088 (u,
617 3019 788 3088 revidetur,
807 3018 897 3088 conju.
932 3019 967 3076 P.
985 2995 1030 3075 ω’

54 3108 74 3147 o.
94 3090 130 3146 A.
150 3107 172 3146 c.
192 3089 251 3160 (l.)?
279 3091 453 3174 coniunctiore
471 3092 535 3158 (om.
553 3093 591 3159 se)
610 3089 723 3174 Melo..
735 3119 771 3130 -
789 3088 911 3176 Gplls'om
929 3089 1010 3160 (conj.

53 3159 1013 3302 et.⁰35?·>futurumstsurrrecturus
1043 3177 1047 3179 ’

51 3305 154 3360 itinere
176 3301 345 3359 Philotimus
373 3304 472 3359 contre
494 3301 636 3358 attulerat.
669 3331 702 3342 -
733 3316 900 3370 cupeseemus
920 3302 1011 3386 ,(Ιαο.)

52 3389 225 3500 litim?
237 3374 473 3512 tlteetr‘(
489 3371 687 3514 tillut&
702 3371 782 3512 tit
795 3372 1011 3498 lllule

51 3533 101 3572 nec
120 3515 195 3584 (W).
218 3516 369 3582 fle...c.‚
391 3515 551 3585 uccvulgo.
570 3543 604 3554 -
622 3514 682 3584 ipso
699 3513 853 3570 mcum.
873 3513 958 3584 (W.)?
977 3543 1012 3556 -

50 3588 188 3659 dipsitute
206 3585 343 3656 (Eccum).
371 3586 531 3658 dipnotiooe
548 3584 642 3658 vulgo.
