2484 3974
209 213 467 272 EPISTOLARUII
484 216 535 270 AD
552 214 718 271 Irrlcun
735 214 784 270 XI.
803 222 898 272 8-10.
966 214 1032 280 393

73 361 119 426 ad
133 382 180 425 me
193 361 304 426 statim
318 360 467 426 ardentes
481 359 591 426 dolore
604 363 763 426 venerunt
774 359 877 426 scelus
890 360 1032 428 hominis

73 451 263 532 clamantes3
289 449 445 533 epistolas
466 448 546 514 mihi
574 449 725 533 legerunt
750 449 864 533 plenos
887 450 1033 516 omnium

71 538 113 602 in
136 559 185 602 me
211 538 415 624 probrorum.
453 537 517 602 Hic
543 535 695 622 Ligurius
726 535 847 602 furere:
883 560 918 604 ae
946 539 1032 604 enim

71 626 154 692 scire
185 647 310 692 summo
341 627 434 692 illum
464 626 501 690 in
533 625 606 691 odio
637 625 739 692 fuisse
771 622 915 711 Gaesari3
958 648 1030 692 aum

72 719 183 780 tamon
212 736 281 780 non
313 714 409 780 modo
441 715 573 798 lavisse,
611 714 668 780 sed
698 713 796 779 etiam
827 718 954 780 tantam
984 716 1030 782 illi

71 803 241 887 pecuniam
264 803 389 868 dedisse
411 803 546 869 honoris
568 803 632 868 mei
654 824 760 868 causa.
798 801 871 869 Hoc
893 824 954 889 ego
977 804 1019 869 do

72 892 141 956 lore
162 895 295 976 accepto
318 891 407 956 volui
431 891 521 976 scire,
543 890 619 994 quid
634 891 815 992 scripsisset
837 891 879 956 ad
897 895 1034 977 ceteros3

71 980 137 1063 ipsi
170 979 258 1046 enim
293 979 342 1044 illi
377 980 488 1064 putavi
524 980 741 1063 perniciosum
776 979 860 1065 fore,
901 981 929 1045 si
964 981 1033 1046 eius

71 1066 135 1134 hoc
156 1071 286 1134 tantum
309 1069 412 1134 scelus
422 1068 703 1170 percrebruisset:
731 1068 869 1153 cognovi
892 1069 1034 1134 eiusdem

72 1158 209 1241 generis.
254 1156 307 1222 Ad
329 1158 362 1221 ta
385 1156 473 1240 misi3
497 1178 577 1241 quas
597 1156 626 1222 si
647 1157 777 1241 putabis
799 1157 879 1222 illi
869 1158 932 1242 ipsi
954 1158 1034 1222 utile

73 1266 144 1310 esse
168 1245 273 1330 reddi,
303 1244 430 1310 reddes:
461 1245 544 1310 nihil
570 1266 623 1310 ma
651 1245 795 1330 laedent,
825 1267 916 1329 nam,
946 1246 1034 1330 quod

71 1333 255 1418 resignatae
279 1337 370 1416 sunt,
391 1332 504 1417 habet,
536 1335 666 1418 opinor,
696 1334 764 1400 eius
788 1334 918 1420 signum
939 1333 1034 1401 Pom·

73 1422 180 1505 ponia.
206 1421 279 1488 Hac
300 1422 355 1486 illo
378 1422 552 1488 acerbitate
574 1423 669 1488 initio
691 1423 912 1508 navigationis
935 1445 1035 1507 quum

73 1532 151 1574 usus
187 1513 288 1593 esset,
327 1514 421 1576 tanto
457 1532 508 1575 me
545 1510 655 1598 dolore
691 1511 813 1595 affecit,
848 1515 887 1576 ut
921 1516 1035 1595 postea

73 1598 241 1682 iacuerim,
262 1620 367 1682 neque
389 1619 477 1664 nuno
498 1603 569 1664 tam
589 1619 649 1682 pro
672 1620 706 1664 se
730 1621 827 1684 quam
849 1605 962 1666 contra
983 1622 1035 1666 me

73 1687 221 1752 laborare
244 1686 370 1752 dicitur.
414 1686 467 1753 Ita
490 1687 639 1752 omnibus
667 1688 764 1754 rebus
791 1709 922 1774 urgeor,
954 1698 1062 1774 quas⁸

75 1776 234 1840 sustinere
247 1776 301 1840 vix
323 1796 455 1859 possum
473 1776 524 1841 vel
546 1777 643 1860 plana
656 1777 746 1841 nullo
769 1777 867 1842 modo
889 1799 1035 1862 possum3

76 1863 191 1947 quibus
213 1865 249 1930 in
272 1863 408 1928 miseriis
422 1885 488 1930 una
501 1867 552 1928 eat
573 1886 633 1948 pro
648 1865 808 1949 omnibus,
830 1866 917 1949 quod
938 1867 1036 1932 istam

74 1951 225 2018 miseram
247 1951 458 2036 patrimonio,
479 1952 612 2054 fortuna
635 1953 724 2052 ouini
747 1954 918 2038 spoliatam
939 1955 1023 2019 relin

76 2063 185 2194 itt·
198 2039 1036 2214 tlt?lntullissitlfftilffltt..

77 2217 229 2301 quoniam
251 2217 348 2282 matri
371 2237 499 2302 quoque
522 2217 634 2282 sudem
656 2216 801 2282 intellexi
821 2238 890 2282 esse
912 2221 1036 2303 parata,

76 2327 158 2390 quae
181 2305 262 2370 mihi
275 2328 333 2388 -3
357 2304 422 2388 sed,
445 2306 473 2370 si
485 2325 537 2370 me
559 2324 628 2369 non
651 2303 803 2389 offendes,
825 2305 904 2370 satis
926 2309 1037 2370 tamen

76 2393 195 2459 habeto
219 2393 476 2459 commendatam
498 2396 713 2478 patruumque
726 2393 762 2458 in
776 2415 856 2478 eam,
879 2398 1037 2478 quantum

73 2481 207 2567 poteris,
228 2482 388 2568 mitigato.
414 2480 504 2546 Haec
520 2482 560 2546 ad
574 2485 607 2546 te
622 2481 672 2546 die
695 2482 797 2548 natali
819 2503 891 2548 meo
915 2483 1037 2568 scripsi,

77 2593 140 2656 quo
169 2571 295 2636 utinam
321 2574 490 2654 susceptus
517 2590 585 2636 non
612 2583 727 2636 essem¹
743 2574 800 2637 aut
825 2592 867 2636 ne
894 2572 971 2656 quid
998 2593 1038 2638 ex

77 2660 188 2724 eudem
220 2662 323 2724 matre
354 2663 469 2743 postea
498 2663 614 2724 natum
640 2661 737 2726 esset!
773 2659 872 2726 Plura
898 2659 1037 2726 scribere
1078 2661 1080 2668 '

76 2748 155 2813 fletu
175 2747 360 2833 prohibeor.

537 2885 578 2952 X.

78 2991 135 3047 Sor.
155 2991 298 3046 Brundisii
319 3008 344 3046 a.
364 2991 391 3046 d.
410 2989 470 3045 XII.
489 2990 631 3046 Kalendas
653 2989 820 3046 Februarias
843 3007 868 3046 a.
887 3007 914 3046 ιι.
933 3008 957 3046 c.
977 2995 1036 3048 707.

372 3094 501 3154 CICERO
519 3096 654 3154 ATTICO
674 3096 751 3152 snt.

144 3205 197 3270 Ad
225 3227 313 3271 meas
340 3205 543 3271 incredibiles
570 3205 789 3291 aegritudines
812 3203 932 3288 aliquid
961 3205 1065 3270 novi1

79 3295 202 3360 accedit
233 3315 272 3359 ex
302 3295 356 3379 iis,
388 3316 470 3379 quae
502 3294 541 3359 de
573 3292 610 3370 Q.
639 3291 675 3369 Q.
703 3293 745 3357 ad
773 3313 825 3358 me
852 3292 1039 3359 afferuntur.

148 3415 289 3486 Epm
323 3415 451 3482 Caecum
469 3413 727 3483 amomum
744 3412 1040 3484 cllumtwvulgot'

78 3487 186 3542 tamt.
205 3458 306 3556 Peter,
325 3486 410 3543 B.—
428 3487 500 3542 nita
517 3486 562 3541 W.
593 3485 636 3540 ml
653 3485 809 3568 vnlgo-
838 3485 945 3540 laedent
962 3483 1038 3555 (W)

79 3558 164 3614 toedet
182 3557 277 3629 vulgo.
314 3563 340 3613 3.
359 3557 391 3612 ιἰι
409 3573 467 3614 cum
486 3557 514 3625 (L
533 3573 589 3627 mg
611 3559 698 3620 1584).
722 3556 754 3610 ιἰι
771 3571 804 3611 eu
821 3554 915 3627 vulgo.
1237 3565 1239 3696 p
