2484 3974
238 231 305 297 364
520 231 559 289 lu
578 231 703 288 TULHI
724 231 917 290 CICERONIS

237 375 287 442 'ru
316 380 428 443 temen
459 377 558 443 etiem
588 397 676 442 nuuc
703 377 784 442 mihi
811 376 933 462 aliquid
960 377 1140 444 litterarum
1161 382 1188 443 et

237 465 385 549 maxime,
408 465 435 531 si
459 466 536 551 quid
559 463 601 530 ab
623 465 776 532 Afranio:
808 486 884 552 ego,
906 466 934 530 si
957 487 1032 531 oum
1054 465 1188 532 Antonio

237 554 365 620 locutus
397 575 466 640 ero,
498 554 636 620 scribam
663 553 704 620 ed
730 557 778 639 te,
810 553 888 639 quid
917 557 1027 620 ectum
1059 555 1115 639 sit3
1143 576 1187 620 ero

237 644 348 706 temen
373 642 410 706 in
436 643 609 727 eredendo,
644 644 683 707 ut
708 663 836 728 mones,
871 645 1000 727 cautus,
1035 664 1113 708 nem
1145 664 1187 709 oe·

238 730 383 796 cultundi
403 731 487 798 retio
509 753 609 816 quum
631 730 784 816 difficilis,
805 733 877 796 tum
899 731 998 796 etiem
1019 732 1187 816 periculose

238 822 296 884 est
349 817 496 886 Serrium
531 823 682 904 exspecto
714 821 756 885 erl
786 819 915 904 Nonus,
950 822 984 885 et
1020 819 1123 906 edigit
1148 821 1187 884 ite
1226 831 1227 866 l

237 905 404 974 Postumia
440 913 475 973 et
508 905 639 974 Servius
674 908 769 974 filius.
814 906 1016 984 Quartenem
1047 908 1186 974 leviorem
1226 909 1227 930 ¹

238 1017 308 1062 esse
339 997 473 1083 gaudeo.
518 996 594 1062 Misi
623 997 665 1062 ed
695 1000 729 1062 te
756 995 858 1064 (laelii
888 997 988 1063 etium
1019 996 1186 1063 littorum

237 1086 428 1171 exemplum.

696 1277 738 1346 A.

318 1473 320 1477 ,
362 1399 420 1457 Sor.
438 1417 534 1458 mense
552 1400 645 1472 Aprili
668 1398 790 1469 (circiter
807 1399 860 1470 Id.)
880 1417 904 1454 e,
922 1418 950 1455 u.
968 1417 992 1456 c.
1014 1405 1076 1456 ¹10⁶.

498 1506 653 1562 cremus
672 1504 846 1562 CICERONI
864 1505 940 1562 SAL.
1055 1493 1064 1516 ²

211 1626 224 1668 ¹
304 1613 519 1682 Exanimetus
550 1616 615 1682 tuis
647 1615 778 1699 litteris,
810 1615 926 1699 quibus
956 1617 990 1679 te
1021 1614 1104 1678 nihil
1131 1613 1185 1678 nisi

236 1703 330 1770 triste
353 1704 496 1790 cogitare
518 1703 690 1770 ostendisti
712 1724 826 1788 neque,
855 1703 889 1768 id
911 1703 988 1788 quid
1011 1705 1105 1787 esset,
1123 1723 1183 1785 per·

237 1791 396 1877 scripsisti
416 1813 522 1877 neque
543 1811 613 1857 non
625 1795 745 1876 temen,
767 1792 862 1876 qualo
885 1795 978 1875 esset,
1001 1790 1088 1876 quod
1109 1790 1183 1874 cugi-
1229 1831 1230 1864 l

235 1885 336 1966 teres,
367 1880 535 1966 operuisti,
570 1880 630 1946 hes
663 1881 704 1945 ed
734 1883 768 1946 ts
799 1879 886 1946 illico
917 1880 1043 1944 littores
1075 1878 1183 1962 scripsi.
1229 1885 1230 1892 ’

235 1969 298 2038 Per
319 1969 468 2036 fortunas
488 1972 572 2053 tues,
594 1968 716 2054 Cicero,
737 1989 796 2054 per
817 1968 936 2034 liberos
948 1971 982 2033 te
1005 1989 1064 2034 oro
1086 1971 1119 2032 et
1137 1967 1182 2032 cle

236 2081 341 2144 seoro,
372 2080 414 2124 ne
441 2057 518 2143 quid
545 2058 677 2143 grevirm
708 2056 747 2121 de
775 2057 878 2122 seluto
911 2060 945 2122 et
973 2056 1181 2122 incolumitate

235 2152 294 2213 tue
316 2148 480 2231 consulem
511 2167 589 2212 num
618 2147 693 2212 deos
720 2145 932 2229 hominesque
958 2145 1181 2228 amicitiamque
1230 2201 1231 2230 ἶ

235 2239 382 2302 nostram
403 2235 560 2302 testificor
581 2256 634 2300 me
655 2234 717 2299 tibi
738 2233 935 2319 praedixisse
948 2254 1055 2318 nequo
1076 2236 1181 2298 temere

235 2325 408 2409 monuisse,
431 2324 496 2409 sed,
518 2327 691 2409 postquem
705 2320 876 2389 Gaesarem
896 2322 1103 2388 convenerim
1123 2341 1180 2386 sen·

234 2413 435 2497 tontiemque
458 2412 541 2497 eius,
570 2412 674 2496 qualis
697 2411 807 2476 lutura
830 2414 915 2477 esset
936 2414 1032 2495 porte
1053 2409 1180 2490 victorie

235 2501 452 2584 cognoverim,
472 2504 506 2566 te
529 2500 698 2565 certiorem
719 2499 843 2565 fecisse.
877 2497 911 2564 Si
934 2499 1099 2564 existimes
1120 2518 1180 2562 eeu·

235 2586 310 2652 dem
335 2588 495 2654 rationem
521 2589 592 2654 fore
619 2585 766 2653 Gesseris
796 2589 833 2654 in
858 2586 1058 2654 dimittendis
1085 2586 1179 2652 edre·

236 2675 329 2740 suriis
359 2679 393 2742 et
423 2677 665 2743 condicionibus
696 2676 852 2761 ferendis,
874 2697 986 2740 erres:
1018 2675 1101 2740 nihil
1129 2671 1179 2738 nisi

236 2767 329 2829 atrox
351 2768 385 2829 et
402 2783 533 2830 suevum
547 2766 670 2850 cogitet
683 2767 780 2849 etque
793 2765 892 2830 etiem
913 2764 1070 2848 loquitur:
1092 2764 1179 2832 natu

235 2853 362 2918 senatui
374 2852 462 2937 exiit
482 2853 534 2919 his
547 2853 832 2920 intercessionibus
853 2853 950 2938 plane
962 2853 1116 2918 incitatus
1129 2853 1179 2929 eet3

208 2949 303 3007 ’non
324 2941 523 3007 mehercules
546 2942 607 3007 erit
633 2941 851 3027 deprecationi
872 2942 972 3006 loeus.
1017 2936 1179 3024 Quere,sl
1230 2981 1231 2984 ,

234 3029 295 3094 tibi
317 3033 364 3116 tu,
387 3030 415 3095 ei
437 3029 523 3096 iilius
545 3030 669 3114 unicus,
692 3030 719 3095 si
742 3030 866 3114 domus,
888 3029 916 3092 si
939 3049 1013 3113 spes
1034 3035 1108 3094 tune
1121 3023 1178 3092 reli·
1230 3057 1231 3124 e

236 3138 318 3203 quee
340 3118 402 3184 tibi
425 3139 517 3184 ceree
540 3121 626 3202 sunt,
648 3118 676 3182 si
698 3117 820 3202 eliquid
842 3117 928 3201 apud
948 3120 981 3183 te
1004 3139 1075 3202 nos,
1096 3116 1123 3182 si
1141 3113 1179 3178 vir
1230 3125 1231 3158 t

235 3206 386 3292 optimus,
408 3228 509 3292 gener
522 3210 608 3290 tuus,
628 3207 782 3289 velemus,
796 3227 933 3291 quorum
947 3205 1113 3272 fortunam
1124 3221 1178 3269 nou

236 3293 333 3360 debes
361 3295 444 3360 velle
467 3295 674 3378 conturbare,
705 3298 743 3359 ut
770 3315 842 3360 sem
868 3315 1012 3378 causum,
1042 3295 1078 3360 in
1103 3291 1177 3359 cuiue
1229 3357 1231 3394 1

305 3450 361 3571 rp'.
378 3508 404 3558 s,
421 3501 465 3570 s.‚
485 3509 509 3557 1.
540 3503 616 3558 crem
633 3503 702 3572 (ur,
720 3502 827 3575 vargo).
844 3504 910 3561 cce
927 3481 1044 3572 uun.
1062 3503 1098 3560 ec
1114 3502 1177 3558 rm

235 3565 311 3638 Vlll,
331 3577 373 3638 16,
391 3570 423 3625 Β.
441 3601 474 3611 -
494 3575 663 3642 eoqnooen'm
676 3573 724 3643 (ll.
738 3575 774 3628 ed
787 3575 875 3647 Fam,
889 3576 927 3644 l.).
945 3577 1084 3646 coenosis
1099 3573 1177 3643 vulgo
