2582 3980
234 255 298 320 628
522 254 558 309 Μ.
578 251 700 308 TULLII
717 249 907 306 CICERONIS

234 421 301 466 non
324 401 414 483 sunt,
445 419 486 462 ne
508 397 702 463 domesticas
725 396 854 481 quidem
875 399 950 460 tuas
979 395 1121 479 perlatas
1145 417 1193 460 ar·

233 489 345 553 bitror.
391 485 538 553 Ciceroni
562 486 673 552 scribis
696 489 729 550 te
751 485 932 569 longiorem
955 483 1106 549 daturum
1130 485 1193 569 epi·

235 577 365 642 stolam:
398 578 483 640 recte
512 574 545 640 id
569 574 712 659 quidem,
743 574 799 638 sed
825 573 905 638 haee
933 595 1060 657 quoque
1083 573 1195 638 debuit

235 685 304 730 esse
327 664 462 748 plenior.
488 662 562 749 Ego
577 666 694 747 autem,
717 684 816 746 quum
837 662 878 726 ad
900 682 951 726 me
975 660 1014 726 de
1028 659 1193 727 Ciceronis

235 752 339 818 abste
353 753 495 819 discessu
519 751 709 836 scripsisses,
732 751 841 816 statim
864 750 986 815 extrusi
1007 750 1194 816 tabellarios

233 842 422 926 litterasque
454 841 495 907 ad
527 838 728 924 Ciceronem,
759 844 810 924 ut,
841 838 968 904 etiamsi
998 839 1034 903 in
1065 837 1195 904 Italiam

234 931 388 1014 venisset,
418 930 459 994 ad
482 933 514 994 te
537 929 668 1011 redirst3
699 929 781 992 nihil
804 927 992 993 enim'mihi
1014 927 1196 1013 iucundius,

234 1019 317 1083 nihil
343 1019 391 1083 illi
418 1019 594 1084 honestius.
640 1015 842 1102 Quamquam
869 1016 1039 1100 aliquoties
1067 1017 1098 1081 ei
1122 1017 1196 1082 scri·

234 1129 362 1193 psoram
385 1107 587 1172 sacerdotum
610 1107 740 1171 comitia
754 1125 825 1169 mea
839 1124 964 1170 summa
986 1105 1195 1171 contentione

234 1196 269 1260 in
293 1197 429 1261 alterum
453 1217 574 1260 annum
597 1216 667 1260 esse
693 1195 812 1260 reiecta
835 1229 877 1241 -
900 1193 987 1278 quod
1010 1213 1072 1278 ego
1096 1215 1195 1278 quum

235 1282 399 1349 Ciceronis
431 1305 528 1348 causa
560 1283 736 1367 elaboravi,
768 1287 838 1348 tum
869 1282 1019 1367 Domitii,
1050 1279 1195 1367 Catonis,

235 1371 378 1457 Lentuli,
409 1371 612 1456 Bibulorum,
643 1372 730 1456 quod
757 1372 797 1436 ad
827 1375 859 1436 te
883 1371 981 1436 etiam
1003 1371 1194 1455 scripseram

235 1485 292 1545 -;
324 1461 379 1526 sed
407 1460 568 1544 videlicet,
600 1482 700 1544 quum
731 1461 819 1525 illam
846 1460 997 1545 pusillam
1025 1461 1194 1544 epistolam

235 1553 326 1614 trram
353 1549 394 1614 ad
424 1572 474 1615 me
503 1550 616 1634 dabas,
647 1549 792 1614 nondum
824 1552 894 1612 erat
924 1548 984 1612 tibi
1010 1548 1044 1613 id
1071 1549 1194 1614 notum.

209 1637 341 1712 sQuare
372 1639 461 1703 omni
488 1638 595 1704 studio
619 1659 639 1702 a
660 1642 706 1720 te,
738 1639 783 1701 mi
805 1637 919 1722 Brute,
950 1638 1137 1721 contendo,
1159 1642 1195 1704 ut

236 1723 423 1790 Ciceronem
455 1748 562 1794 meum
593 1748 634 1791 ne
666 1726 810 1790 dimittas
845 1728 1014 1810 tecumque
1046 1725 1194 1811 deducas,

235 1813 322 1898 quod
344 1814 460 1898 ipsum,
483 1815 510 1879 si
533 1837 601 1879 rem
624 1815 795 1898 publicam,
818 1815 869 1879 cui
888 1818 1057 1898 susceptus
1081 1837 1126 1898 ee,
1149 1838 1193 1880 re·

236 1903 342 1987 spicis,
363 1903 424 1967 tibi
437 1903 502 1968 iam
520 1904 648 1988 iamque
662 1902 845 1968 faciendum
859 1907 921 1968 est:
943 1906 1194 1970 renatumenim

235 1991 356 2056 bellum
379 1995 437 2076 est,
458 1993 554 2076 idque
576 2013 644 2058 non
666 2013 801 2076 parvum
822 1993 939 2056 scelere
962 1991 1194 2077 Lepidi,·exer-

216 2081 319 2146 citus
342 2084 449 2146 autem
473 2079 632 2164 Caesaris,
655 2081 802 2165 quierat
824 2081 980 2165 optimus,
1006 2102 1074 2146 non
1098 2083 1193 2148 modo

236 2169 318 2234 nihil
341 2169 480 2253 prodest,
503 2169 669 2234 sedetiam
690 2169 965 2254 cogitexercitum
987 2172 1082 2235 tuum
1104 2171 1192 2256 flagi-

235 2258 307 2341 tari,
331 2259 385 2342 qui
409 2259 436 2322 si
458 2257 587 2323 Italiam
609 2258 763 2342 attigerit,
786 2258 847 2322 erit
869 2257 947 2322 civis
970 2279 1076 2342 nemo,
1100 2281 1193 2344 quem

236 2346 365 2429 quidem
388 2347 489 2411 civem
513 2346 668 2431 appellari
689 2346 740 2410 fas
764 2346 821 2430 sit,
852 2347 908 2430 qui
932 2367 1057 2411 senon
1079 2348 1115 2410 in
1138 2352 1194 2412 tua

236 2436 342 2498 eastra
365 2435 524 2518 conferat3
548 2434 608 2499 etsi
630 2433 768 2499 Brutum
790 2435 953 2519 praeclare
976 2456 1049 2500 cum
1072 2435 1193 2501 Planco

236 2523 444 2587 coniunctum
466 2522 635 2606 habemus,
662 2522 718 2587 sed
741 2544 809 2588 non
830 2523 976 2608 ignoras,
1008 2545 1106 2608 quam
1130 2525 1194 2589 sint

235 2609 350 2674 incerti
373 2612 406 2675 et
428 2612 527 2675 animi
548 2610 717 2676 hominum
730 2611 842 2676 infecti
864 2612 1011 2697 partibus
1035 2616 1068 2677 et
1091 2614 1194 2678 exitus

236 2697 439 2781 proeliorum.
486 2698 570 2775 Quin
598 2700 708 2782 etiam,
740 2700 780 2783 si,
812 2703 849 2764 ut
875 2721 984 2784 spero,
1014 2701 1194 2786 vicerimus,

235 2789 345 2851 tamen
367 2808 520 2873 magnam
543 2788 809 2873 gubernationem
836 2788 886 2852 tui
907 2789 1034 2854 consilii
1055 2794 1195 2876 tuaeque

237 2876 437 2940 auctoritatis
459 2898 510 2940 res
519 2876 731 2940 desiderabit:
756 2876 891 2940 subveni
906 2877 1014 2962 igitur,
1035 2899 1096 2963 per
1109 2880 1195 2964 deos,

235 2963 330 3048 idque
345 2986 442 3048 quam
464 2964 612 3049 primum,
634 2965 756 3048 tibique
779 2965 936 3050 persuade
949 2987 1018 3031 non
1035 2971 1069 3032 te
1084 2967 1194 3033 Idibus

236 3051 375 3135 Martiis,
408 3053 524 3136 quibus
547 3052 733 3117 servitutem
757 3075 776 3116 a
798 3054 862 3118 tuis
887 3054 1010 3118 civibus
1033 3054 1195 3142 depulisti,

236 3141 308 3224 plus
331 3139 490 3224 profuisse
513 3141 635 3224 patriae
655 3162 760 3225 quam,
784 3142 811 3207 si
825 3146 949 3207 mature
963 3163 1101 3230 veneris,
1122 3168 1195 3230 pro·

235 3228 389 3293 futurum.
425 3245 457 3294 v.
479 3228 556 3294 Idus
580 3227 764 3304 Quinctiles.

307 3417 445 3485 Ep.14,2,
460 3437 581 3488 perorna
594 3422 687 3477 rodae
701 3421 841 3491 (Guilelm.
856 3421 947 3494 cond).
962 3441 1083 3492 parcos.
1102 3426 1194 3498 vulgo.

239 3511 272 3522 -
289 3487 418 3556 &palidi
436 3489 530 3560 (Era).
553 3508 629 3560 repp.
647 3493 740 3564 vulgo.
