2594 3976
199 259 460 317 EPISTOLARUM
479 215 529 316 nn
548 261 712 318 ATTIOUM
730 263 805 318 ΧΗΙ.
824 267 938 318 22-22.
982 261 1049 326 483

86 408 198 470 tumen
225 406 272 469 ita
298 406 379 470 mihi
406 406 444 470 de
474 404 577 472 Bruto
606 406 731 491 scribis,
763 411 800 471 ut
827 407 867 472 de
893 410 926 472 te
952 405 1049 491 nihil,

88 493 219 578 quando
243 498 351 559 autem
364 494 456 558 illurn
480 495 600 579 putas?
621 517 699 559 nam
714 516 774 580 ego
788 493 926 560 Romam
947 495 1050 598 pridie

87 582 175 647 Idus.
220 581 323 648 Bruto
354 583 402 646 ita
429 583 519 648 volui
549 583 761 648 scribere-
795 585 865 662 sed,
897 585 1051 668 quoniam

87 675 125 735 tu
147 673 182 735 te
204 671 321 756 legisse
348 671 477 756 soribis,
508 671 557 736 fui
583 672 722 737 fortasse
749 665 1039 757 ἄσαφέστερος-
1040 719 1051 773 3

89 781 142 823 me
166 780 205 823 cx
227 760 353 824 tuist
314 759 431 824 litteris
453 761 649 838 intellexisse
678 761 764 826 nolle
788 782 862 826 eum
885 782 936 825 me
959 760 1052 844 quasi

88 847 306 932 prosequendi
339 847 389 912 sui
417 869 514 913 causa
523 835 678 914 Romam
710 869 797 914 nuno
828 849 953 932 venire3
987 848 1052 932 sed,

91 936 248 1021 quoniam
269 937 334 1000 iam
358 935 449 1002 adest
472 958 562 1002 meus
585 938 752 1022 adventus,
773 938 835 1022 fao,
860 957 989 1022 quaeso,
1011 957 1052 1000 ne

89 1024 170 1108 quid
192 1033 267 1088 eum
287 1023 365 1089 Idus
388 1024 577 1108 impediant,
601 1048 664 1111 quo
687 1026 794 1090 minus
811 1048 869 1090 suo
885 1024 1052 1090 commodo

89 1114 125 1177 in
150 1111 335 1179 Tusculano
359 1113 414 1195 sit3
442 1134 502 1178 neo
530 1114 616 1178 enim
644 1115 685 1178 ad
707 1114 852 1178 tabulam
876 1136 949 1178 eum
973 1113 1053 1178 desi-

91 1202 264 1272 deraturus
287 1223 375 1266 eram
388 1237 432 1248 --
445 1202 481 1266 in
503 1200 561 1266 tali
576 1202 662 1266 enim
675 1202 807 1288 negotio
831 1224 888 1267 cur
909 1205 946 1266 tu
969 1223 1055 1265 unus

90 1311 160 1355 non
188 1289 268 1354 satis
296 1289 352 1356 es?
383 1325 441 1374 -,
472 1291 529 1354 sed
553 1291 602 1354 od
634 1294 865 1358 testamentum
896 1291 1054 1372 volebam,

92 1378 181 1462 quod
203 1378 268 1443 iam
291 1379 377 1443 malo
401 1379 464 1444 alio
489 1379 549 1463 die,
571 1401 613 1443 ne
630 1380 672 1444 ob
686 1401 758 1444 eam
772 1400 902 1444 causam
915 1378 1054 1444 Romam

91 1466 221 1531 venisse
243 1466 366 1532 videar:
390 1467 503 1552 scripsi
525 1467 627 1552 igitur
649 1468 690 1532 ad
708 1466 856 1550 Brutum,
879 1468 944 1532 iam
966 1467 1055 1549 illud,

93 1554 181 1639 quod
204 1558 380 1639 putassem,
401 1554 514 1620 Idibus
536 1555 619 1620 nihil
642 1577 723 1640 opus
747 1577 829 1639 ess03
859 1556 955 1621 velim
978 1575 1054 1640 ergo

92 1647 202 1708 totum
223 1643 286 1709 hoc
307 1643 356 1708 ita
379 1643 554 1729 gubernes,
586 1648 623 1708 ut
649 1666 691 1710 ne
713 1645 848 1710 minima
871 1645 999 1728 quidem
1021 1663 1056 1707 re

88 1733 163 1796 ulla
188 1730 283 1796 Bruti
313 1732 516 1798 commodum
545 1733 767 1818 impediamus.
812 1731 875 1798 Sed
903 1733 980 1818 quid
1007 1736 1083 1796 ests

91 1819 236 1903 tandem,
258 1819 343 1904 quod
357 1820 591 1904 perhorrescas,
612 1823 688 1906 quia
701 1826 758 1888 tuo
772 1822 914 1906 periculo
928 1822 1057 1887 iubeam

93 1909 197 1974 libros
216 1907 285 1972 dari
299 1907 463 1974 Varroni?
486 1910 584 1974 etiam
606 1931 703 1994 nuno,
725 1911 753 1974 si
776 1911 914 1993 dubitas,
936 1910 998 1992 fao,
1020 1913 1058 1973 ut

93 1997 249 2080 sciemus3
272 1997 355 2060 nihil
378 2000 429 2062 est
442 1998 528 2062 enirn
542 1999 606 2062 illis
621 1999 811 2082 elegantius.
838 1997 924 2063 Volo
937 1997 1058 2062 Varro·

92 2107 186 2168 nem,
204 2085 395 2168 praesertim
409 2107 507 2170 quum
523 2086 577 2150 ille
594 2086 761 2170 desideret,
785 2084 841 2150 sed
855 2088 913 2169 est,
936 2089 974 2150 ut
987 2085 1059 2168 seis,

145 2203 258 2284 δεινὸς
280 2202 381 2293 ἀνήρ·
403 2203 488 2292 τάχα
509 2232 567 2274 κεν
589 2206 645 2274 καὶ
669 2202 821 2274 ἀναίτιον
845 2204 1007 2296 αἰτιόῳτο.

94 2331 149 2396 Ita
174 2332 255 2396 mihi
284 2354 378 2418 saepe
407 2334 546 2398 occurrit
573 2333 681 2398 vultus
708 2333 776 2398 eius
800 2332 963 2417 querentis
993 2333 1059 2398 for·

94 2427 184 2485 tasse
211 2421 262 2486 vel
289 2421 364 2505 hoo,
395 2441 484 2486 meas
512 2425 621 2506 partes
651 2422 686 2486 in
713 2421 753 2486 iis
779 2421 870 2486 libris
898 2421 1059 2506 copiosius

78 2509 248 2573 defensas
271 2531 454 2594 essequam
478 2532 563 2593 suas,
586 2511 672 2594 quod
695 2509 876 2574 mehercule
898 2531 968 2575 non
990 2530 1059 2574 esse

95 2598 275 2682 intelliges,
307 2599 334 2662 si
361 2599 491 2682 quando
518 2599 554 2662 in
582 2598 720 2682 Epirum
748 2599 874 2664 veneris
907 2635 949 2646 -
982 2620 1059 2663 narn

50 2747 53 2751 .
95 2707 185 2750 nunc
217 2685 384 2752 Alexionis
417 2687 562 2771 epistolis
595 2687 736 2752 cedimus
769 2710 827 2771 -3
861 2687 916 2752 sed
949 2691 1060 2751 tamen

96 2795 159 2860 ego
182 2795 250 2838 non
274 2774 407 2859 despero
430 2775 604 2859 probatum
625 2775 666 2840 iri
687 2773 838 2859 Varroni,
861 2779 893 2839 et
915 2775 958 2858 id,
981 2797 1059 2858 quo-

96 2864 187 2928 niam
209 2862 390 2948 impensam
411 2863 547 2929 fecimus
561 2864 597 2928 in
611 2865 814 2948 macrocolla,
836 2863 931 2927 facile
953 2863 1060 2947 patior

95 2951 209 3016 teneri.
255 2949 374 3016 Sed-
390 2952 489 3016 etiam
511 2956 607 3036 atque
631 2953 729 3016 etiarn
752 2951 823 3016 dico
841 2987 883 2997 -
897 2954 954 3015 tuo
978 2951 1059 3035 peri-

98 3041 171 3106 culo
185 3039 256 3104 fiet:
278 3062 386 3125 quare,
401 3041 428 3105 si
443 3040 623 3125 addubitas,
641 3041 682 3104 ad
695 3039 835 3104 Brutum
847 3041 1060 3122 transeamus,

96 3131 148 3192 est
170 3129 256 3192 enim
270 3129 298 3193 is
314 3150 441 3212 quoque
455 3128 662 3194 Antiochius:
687 3151 705 3194 o
724 3126 933 3192 Academiam
946 3128 1059 3193 volati-

97 3238 169 3281 cam
193 3220 225 3281 et
248 3218 298 3282 sui
328 3217 477 3282 similem!
514 3218 610 3284 modo
633 3217 710 3301 huo,
738 3214 834 3280 modo
857 3216 942 3281 illuc.
989 3214 1060 3298 Sed,

169 3389 289 3460 222222,
309 3397 334 3445 2
365 3390 642 3462 Brwitoooloiffl,
660 3409 712 3460 vc,
731 3407 801 3447 co:
830 3389 944 3462 0..Ι2)
912 3389 1058 3446 .Τ2..22Β
1157 3425 1160 3429 -

96 3461 263 3514 MRIB.—
283 3467 314 3516 22
331 3463 560 3532 22222222292222
579 3465 648 3531 (W
667 3461 891 3518 22222222..Μαὶ
911 3477 962 3518 con
961 3460 1058 3532 )?-

95 3530 230 3597 Brutum,
247 3533 305 3586 2222
323 3533 380 3603 (g).
398 3532 451 3589 Br
470 3533 576 3588 22222Β.
613 3539 639 3587 3.
658 3548 715 3586 22222
732 3549 785 3587 2222
802 3535 886 3588 2222222.
907 3533 973 3604 (ΖΙ),
993 3549 1059 3587 co:

97 3600 224 3672 0.,12
242 3601 301 3672 ΖΙ..)
320 3604 341 3658 2.
359 3620 388 3660 22.
408 3621 429 3658 e.
447 3603 614 3658 Marn-
632 3603 811 3659 222222222222
812 3604 961 3678 ...(W)s.,
980 3621 1036 3659 22.

845 3691 900 3744 31*
