2574 3966
240 245 306 310 422
523 243 560 298 Μ.
580 243 704 298 TULLII
721 242 912 300 CICERONIS

236 390 353 456 litteris
376 387 498 474 scripsi.
538 387 630 454 Nihil
650 388 713 453 hae
735 388 909 454 solitudine
932 389 1107 474 iucundius,
1127 389 1198 453 nisi

235 479 381 566 paullum
402 477 641 563 interpellasset
662 476 825 561 Amputae
846 477 945 543 filius:
968 470 996 542 ὦ
1019 471 1199 564 incomo-

236 569 351 650 λογίας
373 559 517 650 ἀηδοῦς]
552 569 658 631 cetera
680 566 748 630 noli
774 568 889 651 putare
917 565 1103 632 amabiliora
1122 566 1199 631 fieri

236 677 332 741 posse
353 655 439 739 villa,
461 655 565 738 litore,
586 657 760 739 prospectu
782 655 889 738 maris,
911 655 1017 735 'stum
1039 655 1078 720 iis
1098 655 1199 720 rebus

236 743 400 826 omnibus3
427 743 483 808 sed
505 765 609 828 neque
631 742 712 809 haee
735 742 835 828 digne
855 743 1059 830 longioribus
1080 743 1198 808 litteris

236 854 297 898 neo
320 836 398 918 erat,
419 832 506 916 quod
529 831 710 917 scriberem,
733 834 766 896 et
788 852 921 897 somnus
943 833 1090 918 urgebat

697 1025 736 1091 x.

347 1147 404 1203 Ser.
423 1147 453 1202 in
470 1147 580 1202 Antiati
597 1163 693 1202 mense
711 1145 871 1217 Septembri
889 1163 914 1202 a.
933 1164 959 1202 u.
979 1163 1003 1202 e.
1023 1153 1083 1203 708.

506 1251 656 1309 olonae
673 1251 825 1308 Arrwo
841 1251 925 1308 SAL.
1233 1267 1237 1280 ¹
1272 1286 1273 1334 ,

302 1361 387 1427 Male
401 1362 582 1427 mehercule
596 1363 635 1426 de
649 1361 858 1447 Athamante,
880 1365 956 1428 tuus
973 1365 1083 1427 autem
1104 1362 1197 1428 dolor
1272 1341 1273 1408 i

236 1451 397 1517 humanus
419 1451 448 1515 is
470 1451 608 1536 quidem,
631 1449 687 1516 sed
709 1470 829 1535 magno
853 1472 949 1535 opere
971 1450 1197 1534 moderandus,
1272 1469 1273 1472 ’

238 1539 495 1605 consolationum
510 1543 618 1604 autem
632 1539 752 1604 multae
765 1539 846 1622 viae,
864 1539 991 1604 sedilia
1003 1539 1196 1605 rectissima:

237 1629 387 1712 impetret
408 1628 505 1712 ratio,
538 1627 623 1712 quod
651 1628 718 1692 dies
741 1627 953 1712 impetratura
975 1631 1034 1692 est.
1078 1626 1196 1694 Alexin
1273 1636 1274 1728 l

237 1736 313 1780 vero
345 1736 506 1799 curemus,
545 1716 720 1801 imaginem
752 1714 895 1800 Tironis,
931 1737 1027 1800 quem
1063 1737 1197 1802 aegrum
1273 1733 1274 1766 ι

236 1803 374 1869 Romam
395 1804 517 1887 remisi,
546 1807 592 1889 et,
624 1804 653 1868 si
675 1802 751 1889 quid
773 1803 874 1868 habet
895 1805 986 1870 collis
1009 1801 1196 1890 ἐπιδήμιον,

237 1892 277 1957 ad
306 1912 358 1957 me
389 1912 462 1956 oum
494 1892 666 1958 Tisameno
696 1891 943 1958 transferamus:
979 1895 1051 1957 tota
1083 1893 1196 1958 domus

235 1984 330 2045 vacat
361 1980 520 2066 superior,
551 1983 588 2046 ut
615 1981 686 2046 sois.
731 1979 803 2044 Hoe
831 1984 911 2064 puto
938 1979 1032 2047 valde
1060 1981 1102 2046 ad
1129 2003 1196 2047 rem

235 2069 405 2156 pertinere.
1274 2097 1275 2138 ι

622 2211 627 2218 ’
687 2261 743 2326 xr.

290 2383 348 2439 Sor.
366 2383 397 2439 in
415 2383 485 2439 villa
502 2382 625 2453 quadam
643 2383 758 2438 ineunte
777 2395 929 2438 auorumno
947 2399 972 2438 a.
991 2401 1018 2437 u.
1037 2399 1061 2438 o.
1082 2389 1143 2440 708.

509 2487 658 2545 CICERO
676 2487 827 2543 ATTICO
844 2488 929 2546 SAL.

302 2595 388 2662 Male
420 2597 459 2662 de
492 2595 579 2680 Seio,
612 2595 667 2662 sed
701 2596 811 2662 omnia
840 2597 984 2663 humana
1013 2597 1198 2663 tolerabilia

238 2684 395 2750 ducenda:
427 2685 491 2770 ipsi
517 2685 603 2749 enim
626 2685 702 2769 quid
729 2707 839 2751 sumus
861 2688 919 2750 aut
940 2685 1094 2770 quamdin
1116 2685 1198 2750 haee

237 2773 379 2838 curaturi
402 2772 533 2838 sumus?
573 2795 611 2838 ea
632 2773 810 2857 videamus,
839 2795 921 2859 quae
945 2774 986 2838 ad
1008 2795 1069 2840 nos
1091 2774 1198 2860 magis

236 2863 409 2947 pertinent,
431 2882 491 2926 nee
513 2864 624 2926 tamen
637 2861 752 2926 multo:
776 2861 853 2945 quid
869 2882 1003 2948 agamus
1017 2861 1057 2926 de
1071 2866 1198 2927 senatu.

236 2950 295 3034 Et,
325 2954 363 3016 ut
389 2971 431 3015 ne
458 2948 536 3034 quid
562 2950 832 3034 praetermittam,
862 2948 1039 3016 Caesonius
1072 2950 1113 3015 ad
1146 2973 1198 3015 me

236 3039 362 3104 litteras
398 3037 487 3104 misit
517 3035 718 3103 Postumiam
750 3035 883 3121 Sulpicii
921 3037 1053 3104 domum
1088 3038 1130 3103 ad
1165 3061 1199 3104 se

237 3127 372 3192 venisse.
405 3125 455 3192 De
468 3124 614 3210 Pompeii
636 3125 750 3211 Magni
771 3125 838 3189 filia
859 3125 919 3190 tibi
941 3126 1093 3211 rescripsi
1114 3127 1199 3191 nihil

237 3235 289 3280 me
311 3215 374 3281 hoe
396 3217 541 3298 tempore
560 3213 717 3299 rogitare,
740 3214 875 3278 alteram
888 3234 964 3279 vero
978 3215 1077 3298 illem,
1099 3236 1199 3299 quam

245 3509 263 3523 ..
309 3440 373 3565 Ep,1
378 3447 419 3566 pil
428 3442 562 3566 retvevroqai
578 3441 644 3566 sopp¹
656 3440 742 3511 (W.)l
769 3445 884 3526 amem
901 3439 1033 3566 n.h(W.)l
1052 3471 1085 3482 -
1102 3443 1200 3508 †tum

239 3525 315 3650 iili
325 3513 375 3636 aiut
393 3554 474 3652 [tim]
493 3514 753 3653 ,welphum
765 3518 913 3655 lew}
925 3512 1089 3656 vni'goitum
1106 3512 1156 3586 m]
1175 3531 1200 3570 τ’
