2608 3972
300 145 561 204 EPISTOLARUM
578 147 628 203 ΔΙ)
647 145 849 202 66616661.
870 154 910 203 19.
1041 145 1084 210 39

126 286 212 358 Haeo
227 293 357 356 suntin
370 313 406 358 re
418 291 557 376 publica,
570 291 634 356 nisi
648 291 745 358 etiam
753 292 832 357 illud
845 291 888 356 ad
901 312 970 358 rem
980 291 1084 376 publi·
1097 307 1114 350 o

123 401 193 444 cam
212 383 312 465 putas
329 380 500 464 pertinere,
521 379 722 445 Herennium
735 380 904 464 quendam,
918 379 1085 446 tribunum

125 469 176 551 pl,
184 468 342 532 tribulem
355 472 457 552 tuum,
471 489 548 533 sane
561 468 724 534 hominem
734 489 873 552 nequam
883 472 978 554 atque
988 487 1085 552 egen·

125 556 203 640 tem,
227 577 327 640 saepe
349 557 415 621 iam
438 557 476 621 dc
493 555 528 621 P.
547 553 660 622 Clodio
679 557 720 622 ad
737 555 864 641 plebem
886 555 1084 622 traducendo

126 664 220 728 agere
245 645 403 729 coepisse:
433 645 509 709 huic
531 644 716 728 frequenter
736 644 954 711 interceditur.
993 643 1113 708 Haece

125 731 1103 886 tti.lt⁰lltll¹¹ttlttltltttttltlttmt=

125 909 304 973 multorum
330 909 506 974 inimicitiis
534 908 875 992 eximiam-'quandam
903 911 1000 992 atque
1026 909 1083 974 im·

127 997 297 1062 mortalem
311 997 449 1081 gloriam
464 1001 656 1063 consecutus
670 1019 749 1078 sum,
769 1017 837 1061 non
851 996 960 1062 destiti
974 995 1086 1060 eadem

128 1084 226 1148 animi
254 1085 478 1170 magnitudine
505 1086 540 1148 in
567 1106 601 1148 re
630 1085 760 1168 publica
786 1085 908 1149 versari
934 1087 967 1148 et
995 1083 1085 1148 illam

127 1173 311 1237 institutam
352 1193 389 1238 ao
430 1176 612 1257 susceptam
648 1172 840 1257 dignitatem
880 1172 979 1256 tueri,
1020 1171 1086 1255 sed,

127 1265 339 1344 posteaquam
373 1262 513 1345 primum
540 1259 645 1326 Clodii
681 1261 884 1325 absolutione
920 1259 1085 1325 levitatem

127 1348 412 1433 infirmitatemque
445 1349 636 1415 iudiciorum
670 1349 832 1434 perspexi,
868 1349 981 1412 deinde
1018 1347 1086 1412 vidi

127 1441 257 1502 nostros
274 1437 465 1522 publicanos
480 1437 574 1502 facile
589 1459 609 1500 a
619 1439 733 1502 senatu
743 1436 877 1522 diiungi,
890 1457 1085 1520 quamquam

127 1545 148 1587 a
173 1546 226 1589 me
258 1522 330 1610 ipso
363 1547 432 1590 non
462 1525 701 1608 divellerentur,
735 1528 806 1590 tum
833 1528 941 1589 autem
972 1525 1085 1588 beatos

128 1608 275 1678 homines
304 1649 346 1659 —
373 1611 433 1677 hos
460 1613 651 1698 piscinarios
680 1613 765 1699 dico,
792 1613 911 1677 amicos
938 1616 1013 1676 tuos
1041 1646 1084 1658 -

129 1721 194 1766 non
222 1702 358 1767 obscure
385 1701 481 1766 nobis
507 1700 665 1785 invidere,
696 1697 807 1785 putari
840 1700 919 1772 mihi
946 1700 1085 1764 maiores

130 1789 285 1872 quasdam
309 1811 386 1874 opes
409 1792 442 1854 et
463 1789 606 1855 firmiora
627 1789 787 1874 praesidia
801 1810 869 1854 esse
893 1787 1084 1873 quaerenda.

129 1875 242 1962 Itaque
256 1878 396 1962 primum
410 1899 492 1962 eum,
514 1879 569 1961 qui
582 1877 718 1942 nimium
732 1877 786 1942 diu
800 1876 839 1954 de
853 1877 949 1964 rebus
962 1876 1082 1940 nostris
1098 1892 1111 1932 τ

128 1969 287 2050 tacuerat,
322 1965 528 2050 Pompeium,
563 1966 681 2031 adduxi
707 1967 742 2029 in
769 1987 840 2030 eam
876 1966 1085 2047 voluntatem,

129 2055 223 2118 utin
247 2055 362 2118 senatu
385 2075 453 2118 non
476 2054 583 2140 semel,
606 2053 662 2119 sed
676 2059 770 2138 saepe
783 2053 956 2137 multisque
978 2052 1086 2116 verbis

130 2139 224 2206 huius
256 2142 337 2206 mihi
368 2142 657 2226 salutem·imperii
684 2145 780 2226 atque
808 2141 894 2206 orbis
925 2143 1086 2203 terrarum

130 2229 337 2312 adiudicarit3
364 2229 450 2313 quod
471 2251 540 2295 non
560 2233 629 2294 tam
651 2229 799 2318 interfuit
820 2247 893 2292 mea
914 2262 957 2273 —
980 2247 1085 2311 neque

130 2319 214 2382 enim
227 2317 304 2382 illae
318 2339 369 2382 res
383 2317 440 2382 aut
453 2318 499 2382 ita
513 2321 589 2382 sunt
612 2318 775 2400 obscurae,
795 2319 834 2380 ut
854 2315 1086 2399 testimonium,

130 2407 185 2470 ant
206 2407 255 2470 ita
278 2406 403 2490 dubiae,
424 2409 462 2470 ut
482 2405 701 2470 laudationem
719 2403 900 2470 desiderent
922 2439 964 2450 «-
988 2425 1086 2488 quam

129 2494 359 2580 reipublicae:
387 2493 472 2578 quod
496 2497 590 2558 erant
610 2494 740 2577 quidam
762 2492 910 2576 improbi,
932 2491 987 2575 qui
1010 2513 1085 2556 oon·

129 2583 308 2647 tentionem
330 2581 400 2647 fore
424 2583 564 2666 aliquam
578 2583 657 2646 mihi
671 2603 744 2645 cum
756 2579 910 2664 Pompeio
927 2601 965 2644 ex
977 2601 1087 2645 rerum

129 2670 259 2735 illarum
283 2670 481 2735 dissensione
505 2669 747 2753 arbitrarentur,
769 2689 842 2733 cum
864 2669 927 2734 hoo
949 2687 1010 2754 ego
1033 2689 1086 2732 me

130 2761 223 2822 tanta
245 2758 465 2822 familiaritate
487 2757 653 2842 coniunxi,
675 2761 712 2821 ut
731 2761 760 2822 61
780 2759 914 2841 uterque
936 2760 1086 2846 nostrum

129 2847 165 2910 in
201 2868 262 2910 sua
298 2847 423 2911 ratione
458 2846 613 2910 munitior
649 2850 682 2910 et
711 2867 763 2910 res
799 2845 928 2930 publica
963 2845 1087 2908 firmior

130 2932 191 2998 hac
214 2933 441 3000 coniunctione
465 2954 534 2998 esse
556 2934 667 3018 possit.
701 2931 783 2999 Odia
806 2936 914 2998 autem
935 2933 992 2996 illa
1013 2932 1114 2996 libi-r

132 3021 263 3087 dinosae
287 3026 320 3088 et
342 3021 497 3087 delicatae
523 3021 717 3106 iuventutis,
753 3039 834 3106 quae
862 3023 955 3085 erant
975 3019 1011 3083 in
1033 3039 1086 3083 me

37 3167 39 3174 ,
131 3110 278 3188 incitata,
305 3111 351 3174 sio
377 3110 527 3194 mitigata
554 3114 630 3175 sunt
661 3109 812 3175 comitate
840 3107 978 3191 quadam
1004 3127 1087 3192 mea,

200 3335 252 3406 Ep.
273 3343 316 3404 19,
337 3341 360 3390 7.
379 3337 420 3391 rei
432 3351 479 3404 p:
496 3337 569 3405 qaod
583 3377 588 3390 .
604 3377 610 3390 .
627 3337 716 3402 orb,
733 3351 794 3389 cura
812 3333 887 3402 (W.).
904 3332 947 3387 rei
959 3349 1000 3401 p„
1017 3349 1085 3402 q...

134 3405 189 3462 urb.
209 3407 279 3462 Cam
296 3407 392 3478 vulgo.
417 3435 455 3454 .-
481 3412 514 3460 ot
531 3412 556 3460 et
573 3411 683 3476 uterque
706 3405 780 3472 (W.).
807 3403 868 3458 Om.
890 3407 917 3459 et
937 3403 1031 3473 vulgo.
1049 3429 1087 3444 -

134 3481 215 3535 etrea
226 3496 260 3548 p.
277 3478 300 3547 s.
321 3477 434 3546 (tiron).
453 3481 479 3532 et
494 3477 528 3533 io
544 3492 574 3532 re
586 3493 617 3545 p.
633 3477 654 3542 f.
673 3477 766 3545 vulgo.
