2522 3960
180 221 442 278 EPISTOLARUM
459 221 510 278 An
527 215 692 278 Arrrcnn
708 220 756 278 VI.
776 226 855 277 7-9.
931 216 996 282 21Ἰ

50 363 232 450 Puteolano,
258 369 398 451 gratum.
442 363 539 432 Nunc
567 365 664 430 velim
686 364 837 450 dispicias
857 384 910 430 res
932 361 997 428 Ro·

51 475 161 540 nanas,
182 454 304 539 videas,
326 453 404 538 quid
426 454 520 520 nobis
538 453 577 518 de
600 453 764 538 triumpho
788 450 999 540 cogitandum

50 544 141 626 putes,
162 542 206 608 ad
229 563 325 627 quem
348 542 443 608 amici
456 563 507 608 me
529 544 661 608 vocant:
684 561 754 627 ego,
775 539 840 606 nisi
853 539 999 624 Bibulus,

51 630 108 712 qui,
138 630 217 696 dum
244 652 329 698 unus
356 631 460 698 hostis
486 631 523 696 in
545 627 639 715 Syria
660 631 736 715 fuit,
766 629 881 714 pedem
902 630 999 712 porta

49 738 106 781 non
125 719 201 803 plus
224 719 342 784 extulit
363 740 461 804 quam
482 719 501 759 *
523 719 619 784 domo
642 739 715 802 sua,
736 717 936 784 anniteretur
959 714 998 782 dc

50 806 217 892 triumpho,
245 829 349 892 aequo
372 807 481 874 auimo
503 827 619 891 essem3
649 827 737 873 nanc
758 827 835 872 vero
858 797 1000 888 αἰσχρὸν

50 894 178 960 σιωπᾶν.
223 893 288 960 Sed
310 896 443 980 explora
463 916 532 962 rem
554 899 672 980 totam,
693 899 740 980 ut,
762 915 826 980 quo
849 892 900 958 die
924 913 999 958 con·

51 983 141 1064 gressi
158 983 290 1067 erimus,
311 983 481 1050 consilium
494 1005 607 1068 capere
620 984 789 1068 possimus.
817 979 875 1048 Sat
887 980 1000 1063 multa,

51 1070 96 1150 qui
125 1074 159 1135 et
192 1091 400 1157 properarem
427 1075 461 1137 et
486 1073 516 1136 ei
541 1072 667 1138 litteras
694 1071 817 1153 darem,
855 1070 911 1154 qui
943 1071 1000 1132 aut

51 1165 165 1224 necurn'
188 1163 246 1224 aut
267 1161 377 1244 paullo
400 1163 476 1224 ante
497 1163 653 1226 venturus
676 1163 769 1226 esset
805 1155 916 1248 Cicero
938 1155 1000 1220 tibi

51 1246 213 1328 plurimam
227 1249 365 1314 salutem
378 1248 471 1314 dicit:
492 1253 530 1314 tu
553 1247 639 1314 dices
661 1249 829 1334 utriusque
851 1249 1000 1313 nostrum

51 1335 146 1401 serbis
169 1339 204 1402 et
225 1335 326 1403 Piliae
348 1341 425 1402 tuae
447 1340 481 1402 et
501 1337 595 1404 filiae.

492 1529 550 1597 IX.
662 1575 663 1578 ,

166 1649 223 1706 Sor.
242 1651 361 1708 Athenis
379 1649 476 1708 Idibus
496 1651 664 1708 Octobribus
682 1667 707 1707 a.
725 1669 754 1708 n.
771 1667 795 1708 c.
815 1655 876 1707 704.

334 1755 464 1813 CICERO
482 1755 616 1814 ATTICO
636 1756 712 1812 SAL.

111 1862 150 1932 In
175 1865 310 1932 Piraeea
336 1887 436 1950 quum
468 1866 604 1932 exissem
629 1866 731 1951 pridie
757 1864 835 1931 Idus
862 1861 1027 1948 Octobr.,¹

58 1955 153 2039 accepi
175 1955 217 2019 ab
239 1953 376 2039 Acasto,
407 1975 498 2020 servo
521 1975 607 2039 meo,
639 1955 750 2020 statim
771 1958 845 2020 tuas
866 1953 1002 2036 litteras,

59 2059 125 2120 quas
147 2043 276 2127 quidem
299 2065 399 2127 quum
416 2047 651 2127 exspectassem
672 2042 803 2126 iamdiu,
824 2041 1001 2106 admiratus

59 2146 127 2214 sum,
146 2135 185 2196 ut
205 2131 273 2198 vidi
286 2131 492 2216 obsignatam
509 2131 689 2215 epistolam,
710 2131 901 2196 brevitatem
924 2127 1003 2212 eius,

60 2217 89 2278 ut
100 2219 215 2304 aperui,
236 2240 348 2285 rursus
369 2215 532 2310 σύγχυσιν
552 2219 778 2302 littenrlarum,
800 2238 882 2302 quaa
896 2215 1003 2280 solent

59 2303 122 2370 tuae
152 2307 440 2392 compositissimae
472 2311 505 2372 et
536 2307 732 2372 clarissimae
763 2327 848 2390 esse,
878 2325 929 2388 aa,
960 2323 1002 2368 ne

60 2394 156 2480 multa,
177 2395 317 2482 cognovi
331 2418 371 2460 ex
383 2417 432 2479 eo,
454 2395 540 2480 quod
553 2395 600 2462 ita
614 2395 796 2480 scripseras,
817 2397 851 2460 te
864 2392 1002 2460 Romam

59 2484 170 2549 venisse
197 2507 226 2549 a.
253 2484 284 2550 d
309 2501 369 2550 xn.
394 2483 468 2549 Kal.
495 2483 564 2549 Oct.
591 2505 664 2550 cum
691 2484 784 2550 febri.
827 2482 1002 2549 Percussus

61 2569 251 2638 vehementer
272 2593 333 2637 nec
354 2573 473 2658 magis,
494 2594 592 2656 quam
614 2572 723 2656 debui,
749 2572 860 2637 statim
882 2591 1002 2656 quaero

62 2674 92 2720 er
106 2659 238 2726 Acasto:
260 2661 316 2726 illa
340 2656 386 2747 [et
405 2656 478 2746 tibi]
502 2663 536 2725 et
558 2660 620 2726 sibi
641 2661 746 2726 risum
760 2664 794 2726 et
805 2661 853 2726 ita
866 2680 901 2726 se
915 2657 1003 2725 domi

62 2763 92 2808 er
109 2749 171 2814 tuis
194 2749 332 2832 audisse,
353 2752 391 2814 ut
412 2748 494 2813 nihil
516 2752 602 2813 esset
622 2748 834 2814 incommode.
859 2747 899 2813 Id
916 2748 1002 2812 ride·

62 2829 143 2901 batur
163 2837 355 2922 approbare,
382 2837 469 2921 quod
491 2839 561 2901 erat
581 2837 618 2902 in
639 2839 791 2920 extremo,
812 2836 1003 2901 febriculam

62 2921 119 2987 tum
138 2928 170 2990 te
192 2925 369 2991 habentem
391 2924 570 3008 scripsisse3
593 2925 649 2992 sed
662 2925 683 3005 †
697 2924 805 2990 amari
824 2926 935 2988 tamen
948 2922 1003 2987 ad·

62 3010 244 3098 miratusque
267 3035 348 3096 sum,
370 3012 457 3097 quod
470 3013 573 3078 nihilo
593 3014 700 3078 minus
715 3013 755 3078 ad
769 3033 820 3076 me
833 3013 891 3076 tua
903 3030 1003 3076 manu

62 3100 239 3185 scripsisses.
284 3099 390 3178 Quare
412 3101 452 3167 de
474 3100 537 3167 hoc
559 3101 652 3185 satis3
680 3121 774 3184 spero
797 3098 898 3184 enim,
920 3118 1003 3183 quae

118 3273 166 3345 Ep.
177 3281 203 3344 a,
213 3280 238 3331 ὅ.
258 3291 340 3344 quom
353 3273 370 3308 *
384 3275 463 3329 dorae
480 3273 574 3345 (Son).
592 3290 617 3343 q.
632 3273 727 3330 consul
740 3273 767 3328 d.
786 3273 837 3326 aut
853 3287 878 3342 q.
892 3271 958 3326 olim
974 3271 1001 3327 d.

62 3337 141 3415 (fieb).
159 3362 183 3416 p.
202 3346 229 3401 d.
248 3346 342 3415 vulgo.
379 3344 431 3416 Ep.
451 3351 476 3412 9,
496 3351 520 3400 1.
547 3343 633 3399 colem
650 3349 714 3398 lace
731 3342 846 3413 (vulgo).
873 3359 895 3397 s.
916 3341 1005 3424 [aas]

62 3407 98 3467 lB.
119 3445 152 3456 -
192 3421 217 3471 et
234 3415 298 3487 ribi]
317 3421 343 3470 rt
361 3415 400 3483 (1.,
418 3415 483 3482 W.).
510 3419 536 3469 et
553 3420 572 3469 t.
590 3419 616 3470 ct
633 3413 727 3482 vulgo.
751 3439 785 3454 -
811 3413 858 3466 red
875 3417 893 3480 †
912 3428 1004 3468 amaus

63 3481 151 3552 (vc-tr
202 3491 227 3541 te
241 3503 267 3541 a.
286 3486 332 3541 rel
348 3486 395 3542 sed
413 3502 440 3542 a.
458 3489 484 3542 tc
501 3485 549 3555 (W
550 3487 587 3552 .)?
604 3483 651 3539 sed
664 3483 781 3539 clamavi
798 3483 916 3554 MRIt,
934 3481 1003 3539 Oxx.

63 3556 196 3614 adomari
213 3555 269 3626 Or,
287 3556 319 3612 B.
793 3585 795 3589 -
