2510 3958
86 225 123 280 M.
137 225 249 280 TULLII
262 225 452 281 CICERONIS
466 226 579 281 EPIST.
594 226 643 281 AD
657 226 822 284 ATTIOUM
836 227 943 283 maa.
961 227 1027 292 301

84 369 234 454 Arpinum
256 371 456 455 volebamus,
478 371 567 456 iude,
592 371 654 436 iter
677 392 741 455 qua
762 372 899 436 maximo
925 365 1030 438 ἀναπ-

84 453 217 540 ἄντητον
258 462 359 544 esset,
402 459 443 523 ad
484 480 573 524 mars
609 481 760 544 superum
794 461 926 526 remotis
962 461 1029 526 sive

83 547 206 612 omniuo
232 547 339 612 missis
370 548 550 632 lictoribus,
581 547 678 613 audio
709 548 795 613 enim
821 549 916 614 bonis
943 550 1029 634 viris,

84 635 136 718 qni
163 638 194 700 et
222 657 311 700 nunc
342 638 375 701 et
403 657 498 722 saepe
525 640 622 702 antea
648 657 767 722 magno
795 637 955 722 praesidio
982 639 1029 702 rei

82 723 218 807 publicae
239 725 386 810 fuerunt,
416 725 502 790 banc
529 726 767 790 cunctationem
794 729 939 792 nostram
961 749 1030 792 non

83 811 202 894 probari
233 813 399 898 multaque
434 814 470 878 in
501 835 553 880 me
585 818 618 880 ct
654 835 762 879 severe
797 814 833 878 iu
865 815 1029 898 conviviis,

83 901 271 984 tempestivis
301 902 442 987 quidem,
474 903 641 986 disputari.
686 901 844 967 Cedamus
866 903 967 990 igitur
988 907 1030 988 cb,

83 989 208 1054 utboni
231 990 316 1054 cives
339 990 452 1074 simus,
482 991 604 1056 bellum
629 989 743 1055 Italiae
770 994 857 1055 terra
885 991 1029 1076 marique

83 1075 249 1143 inferamus
272 1081 306 1143 et
328 1078 402 1143 odia
423 1079 643 1164 improborum
664 1100 774 1144 rursus
796 1079 832 1143 in
855 1099 925 1162 uos,
948 1101 1028 1164 quac

83 1163 141 1228 iam
170 1165 327 1230 exstincta
359 1170 465 1252 erant,
495 1167 704 1232 incendamus
738 1171 771 1232 et
797 1167 927 1234 Lucceii
955 1190 1029 1234 con-

84 1252 147 1316 silia
168 1275 204 1319 ac
226 1254 418 1338 Theophani
440 1277 683 1340 persequamu13
704 1277 782 1321 nam
796 1254 903 1342 Scipio
921 1257 973 1322 vel
994 1257 1056 1320 ins

85 1337 199 1424 Syriam
219 1342 432 1427 proficiscitur
454 1347 540 1410 sorte
568 1345 619 1409 vel
646 1366 719 1409 cum
746 1365 866 1430 genero
892 1343 1029 1411 honeste

83 1430 128 1492 vel
153 1428 320 1496 Caesarem
347 1431 433 1518 fugit
458 1433 591 1517 iratum,
621 1431 766 1499 Marcelli
793 1434 934 1518 quidem,
966 1434 1028 1520 nisi

84 1517 216 1600 gladium
239 1517 385 1585 Caesaris
408 1521 606 1605 timuissent,
634 1525 816 1606 manerent,
847 1521 974 1607 Appius
997 1525 1030 1587 et

85 1605 185 1698 eodem
208 1607 324 1674 limone
347 1611 380 1673 et
397 1608 638 1674 inimicitiarum
655 1610 842 1695 recentium,
864 1614 1030 1676 ettamen

85 1699 200 1776 practer
220 1695 309 1760 hune
332 1699 365 1761 st
387 1695 421 1762 O.
443 1695 591 1763 Cassium
613 1699 728 1783 reliqui
750 1700 863 1785 legati,
889 1698 1029 1764 Faustus

84 1801 135 1864 pro
156 1788 338 1868 quaestore:
362 1806 422 1871 ego
444 1807 544 1872 unus,
566 1787 618 1853 cui
639 1788 797 1852 utrumvis
819 1789 907 1872 licet3
929 1789 1030 1852 frater

85 1871 208 1956 cecedit,
230 1893 327 1957 quem
350 1874 471 1939 socium
492 1875 589 1940 buius
611 1875 761 1941 fortunae
778 1897 847 1941 esse
869 1898 938 1941 non
961 1880 1031 1941 erat

86 1979 219 2045 aequum,
242 1962 295 2026 cui
317 1963 421 2048 magis
444 1963 541 2027 etiam
563 1960 681 2029 Caesar
703 1965 871 2046 irascetur,
894 1964 950 2028 sed
971 1965 1030 2027 im·

85 2051 199 2129 patrare
215 2071 283 2115 non
300 2071 442 2135 possum,
458 2055 498 2115 ut
514 2055 652 2116 maneat.
683 2051 841 2117 Dabimus
859 2051 921 2117 hoc
936 2050 1030 2116 Pom·

85 2135 162 2221 poio,
191 2139 277 2222 quod
306 2138 471 2222 debemus,
504 2161 580 2204 nam
602 2161 653 2204 me
677 2139 806 2224 quidem
829 2139 911 2204 alius
933 2159 1029 2204 nemo

85 2229 194 2309 moret,
223 2247 292 2291 nou
319 2247 423 2292 sermo
450 2227 623 2312 bonorum,
654 2228 710 2311 qui
737 2227 819 2292 nulli
842 2229 931 2310 sunt,
962 2248 1030 2292 non

86 2331 184 2398 causa,
210 2337 292 2400 quae
315 2318 388 2380 aeta
408 2315 519 2381 timide
543 2319 606 2400 est,
633 2318 747 2402 agetur
769 2315 928 2399 improbe:
964 2316 1031 2402 uni,

85 2400 136 2464 uni
163 2402 224 2468 hoc
255 2403 369 2468 damus
400 2425 442 2468 ne
472 2403 506 2468 id
537 2404 666 2489 quidem
695 2405 825 2490 roganti
851 2425 912 2470 neo
938 2426 1032 2475 suam

86 2507 216 2575 causam,
247 2495 286 2555 ut
319 2492 377 2576 ait,
413 2493 537 2577 agenti,
569 2493 624 2558 sed
656 2493 827 2577 publicam.
872 2492 921 2558 Tu
954 2493 1030 2578 quid

85 2577 196 2661 cogites
219 2579 258 2645 de
281 2581 477 2645 transeundo
500 2580 535 2645 in
553 2580 698 2667 Epirum,
721 2581 801 2647 scire
825 2603 902 2647 sane
925 2583 1031 2648 velim.

532 2773 574 2840 11.

194 2893 250 2950 Ser.
269 2894 300 2949 in
318 2893 467 2950 Formiano
486 2895 574 2951 Nonis
592 2895 702 2952 Martiis
721 2913 746 2952 a.
765 2915 792 2952 u.
811 2913 835 2952 c.
855 2903 914 2952 705,

344 3000 491 3057 CICERO
509 3001 659 3057 ATTICO
677 3001 760 3058 SAL.

143 3105 213 3173 Etsi
225 3107 331 3174 Nonis
344 3108 481 3196 Martiis,
503 3111 554 3174 die
571 3114 638 3195 tuo,
660 3115 698 3175 ut
719 3111 844 3195 opinor,
866 3114 1029 3195 exspecta·

87 3189 151 3261 ban
163 3197 333 3282 epistolam
347 3220 367 3263 a
379 3202 412 3262 te
426 3199 615 3284 longiorem,
636 3202 747 3264 tamen
769 3198 811 3262 ad
833 3219 904 3263 eam
926 3200 1030 3283 ipsam

129 3325 195 3408 Ep.
216 3333 243 3392 1,
260 3331 285 3382 3.
320 3339 409 3406 ceum
427 3324 461 3377 ἐπ
482 3339 570 3385 eoae..
597 3329 616 3378 t.
641 3323 716 3443 (Ἥ.
738 3339 775 3391 a,
800 3326 833 3402 ip
853 3341 876 3380 c.
898 3329 919 3381 t.
941 3327 1035 3403 vulgo.

87 3396 108 3445 4.
123 3410 212 3473 soem,
228 3409 281 3449 rec.
301 3397 399 3456 atram·
416 3389 650 3470 practmffladv.
662 3395 691 3490 'A
713 3408 751 3458 u,
769 3407 819 3512 (pur
835 3393 932 3472 tamen
950 3393 1036 3446 otram

87 3465 247 3530 suspicatur:
267 3459 302 3514 A.
322 3465 361 3514 est
378 3459 468 3538 codem
485 3464 505 3516 t,
524 3474 577 3520 m„
595 3474 620 3512 r.
635 3474 665 3554 g,
680 3473 727 3525 pr.
746 3473 780 3513 ve
808 3457 843 3518 A.
862 3465 900 3514 ast
916 3475 949 3513 aa
966 3476 988 3514 e.
1005 3464 1035 3523 t.,

86 3527 352 3664 arctamur
371 3528 457 3673 tall
470 3523 649 3658 screa.
676 3524 815 3648 tiliae
836 3527 1036 3649 ideali}

87 3675 135 3729 mg.
153 3661 188 3719 M.
194 3705 204 3732 ,
222 3661 333 3732 emh„
352 3661 448 3732 Regu,
466 3659 534 3714 On.
552 3659 660 3713 accedet
679 3663 740 3728 (m,
759 3660 821 3728 B.)?
