2582 3980
248 257 315 324 574
531 253 568 311 Μ.
588 253 712 310 TULLII
730 253 921 310 CICERONIS

246 402 351 486 debui,
373 421 471 486 quam
492 399 547 466 ille
563 404 620 465 out
633 420 701 466 non
714 399 770 483 ire,
794 403 968 484 antequam
990 421 1041 464 me
1063 398 1204 483 vidisset,

247 495 303 556 aut
325 489 420 556 citius
446 489 577 573 reverti,
609 489 731 554 sciebat
759 489 844 553 enim
871 489 1095 553 me‘eeleriter
1120 489 1201 554 velle

246 578 405 665 proficisci
432 599 564 662 seseque
592 577 633 642 ad
660 599 712 642 me
734 577 769 641 in
792 576 1012 641 Tusculanum
1034 576 1203 660 scripserat

221 686 315 733 resse
338 669 520 756 venturum.
554 665 609 750 Te,
631 668 669 730 ut
691 687 710 729 a
733 687 784 730 me
808 665 1000 749 discesseris,
1022 665 1203 732 lacrimasse

245 757 380 822 moleste
410 755 567 839 ferebam,
604 753 690 838 quod
722 754 750 818 si
781 775 832 818 me
863 757 1034 838 praesente
1065 753 1204 835 fecisses,

246 845 415 911 consilium
437 843 538 928 totius
552 841 677 907 itineris
690 842 828 908 fortasse
845 845 1033 926 mutassem3
1057 842 1112 907 sed
1124 843 1204 907 illud

245 935 418 1018 praeclare,
441 931 573 1017 quodte
589 931 757 996 consolata
780 936 830 996 est
852 952 925 1015 spes
948 931 1039 996 brevi
1061 935 1204 1016 tempere

246 1020 488 1107 congrediendi,
517 1041 598 1104 quae
622 1019 751 1104 quidem
774 1019 970 1104 exspectatio
994 1041 1046 1084 me
1068 1019 1204 1084 maxime

246 1113 417 1176 sustentat:
441 1129 531 1174 meae
553 1106 614 1173 tibi
636 1108 763 1172 litterae
786 1129 854 1173 non
868 1107 1011 1174 deerunt
1038 1107 1089 1173 De
1103 1107 1203 1173 Brute

246 1199 383 1266 scribam
406 1198 448 1263 ad
470 1201 503 1262 te
526 1197 643 1262 omnia.
671 1195 805 1261 Librum
827 1196 887 1261 tibi
910 1197 1056 1262 celeriter
1078 1197 1205 1262 mittam

245 1288 307 1372 „de
329 1286 468 1374 gloria“;
499 1285 655 1351 excudam
681 1285 803 1370 aliquid
825 1277 1089 1371 Ἡρακλείὸειον,
1121 1285 1205 1370 quod

220 1379 346 1442 elateet
367 1376 403 1441 in
415 1375 576 1440 thesauris
591 1374 666 1439 tuis.
702 1371 752 1440 De
765 1371 896 1458 Planco,
918 1374 1060 1438 memini.
1095 1373 1205 1438 Attica

244 1466 314 1530 iure
337 1465 489 1549 queritur.
534 1461 627 1539 Quod
650 1484 701 1526 me
725 1462 764 1528 de
787 1461 958 1546 Bacchide,
980 1463 1001 1543 †
1025 1465 1205 1528 statuarum

245 1553 373 1620 coronis
396 1553 565 1617 certiorem
590 1551 711 1636 fecisti,
738 1551 830 1616 valde
857 1554 1000 1636 gratum,
1026 1573 1088 1617 neo
1117 1552 1205 1636 quid-

245 1661 342 1726 quam
364 1641 501 1725 posthac
523 1662 591 1705 non
613 1639 710 1705 medo
733 1642 879 1724 tantum,
900 1639 957 1705 sed
979 1660 1021 1704 ne
1043 1641 1206 1706 tantulum

246 1729 375 1814 quidem
401 1729 612 1813 praeterieris.
657 1727 703 1792 Et
730 1728 769 1792 de
791 1727 920 1794 Herode
948 1731 981 1792 et
1002 1727 1120 1794 Mettio
1143 1751 1205 1794 me-

245 1819 369 1882 minero
397 1820 430 1882 et
462 1817 501 1882 de
533 1817 696 1901 omnibuS,
728 1837 810 1901 quae
841 1820 874 1882 te
905 1818 987 1881 velle
1019 1817 1206 1902 suspicabor

245 1906 350 1974 modo.
396 1904 423 1970 O
451 1909 579 1989 turpem
607 1905 725 1970 sororis
753 1909 829 1970 tuae
857 1905 971 1971 filium!
1004 1927 1105 1989 quum
1128 1907 1205 1971 haee

245 1995 431 2080 scriberem,
462 1993 659 2059 adventabat
691 1987 774 2078 αὐτῇ
802 1990 961 2076 {lectrices
994 1995 1206 2060 coenantibus

244 2085 348 2152 nobis.

644 2168 799 2236 XXVIII.

277 2291 334 2348 Sor.
352 2292 383 2347 in
400 2289 533 2362 Arpinati
551 2307 578 2345 a.
597 2289 624 2347 d.
642 2290 676 2346 V.
695 2289 791 2346 Nonas
811 2290 965 2357 Quinctiles
985 2308 1010 2347 a.
1029 2311 1058 2349 u.
1076 2309 1099 2348 c.
1121 2300 1179 2350 710.
1270 2257 1271 2330 i

515 2393 665 2453 01οΕΒο
682 2387 833 2451 ATTICO
850 2394 935 2452 SAL.
1270 2339 1271 2415 i

310 2501 394 2592 Ego,
415 2508 453 2572 ut
475 2506 516 2572 ad
529 2508 563 2572 te
584 2504 689 2590 pridie
708 2505 906 2590 scripseram,
928 2503 1035 2572 Nonis
1049 2509 1204 2574 constitu·

245 2615 334 2659 eram
355 2595 465 2659 venire
487 2594 523 2658 in
536 2591 765 2677 Puteolanum3
786 2593 833 2658 ibi
854 2594 955 2679 igitur
969 2596 1114 2679 quotidie
1133 2601 1203 2662 tuas
1270 2593 1271 2670 l

244 2683 368 2747 litteras
392 2682 602 2766 exspectabo,
624 2686 657 2746 et
679 2683 816 2747 maxime
839 2682 878 2746 de
900 2681 999 2768 ludis,
1026 2683 1065 2748 de
1089 2685 1204 2769 quibus
1270 2671 1271 2763 l

244 2771 343 2836 etiam
356 2770 398 2834 ad
412 2769 551 2836 Brutum
563 2771 624 2835 tibi
638 2770 841 2836 scribendum
856 2775 915 2856 est,
935 2772 1026 2836 euius
1041 2773 1204 2858 epistolae,
1270 2771 1271 2854 l

244 2882 341 2944 quam
354 2859 562 2944 interpretari
575 2859 644 2944 ipse
658 2859 712 2924 vix
729 2863 885 2944 poteram,
908 2861 1090 2945 exemplum
1103 2862 1203 2948 pridie
1270 2859 1271 2952 l

242 2950 304 3014 tibi
333 2948 492 3014 miseram.
537 2946 667 3012 Atticae
689 2969 779 3013 meae
802 2948 898 3013 velim
920 2970 972 3013 me
994 2949 1043 3014 ita
1065 2971 1203 3035 excuses,
1270 2953 1271 3004 l

243 3042 280 3102 ut
302 3059 432 3104 omnem
455 3037 582 3121 culpam
605 3037 641 3100 in
663 3040 696 3101 te
714 3037 892 3102 transferas
915 3041 949 3102 et
962 3037 992 3102 ei
1005 3041 1118 3104 tamen
1132 3061 1203 3105 con·
1270 3035 1271 3046 ,

242 3127 350 3192 firmes
378 3148 431 3192 me
456 3127 663 3192 immutatum
690 3146 833 3189 amorem
855 3146 962 3190 meum
985 3147 1112 3192 mecum
1135 3128 1202 3192 abs·
1270 3135 1271 3214 ζ

242 3216 364 3280 tulisse.

312 3335 364 3406 Ep.
385 3341 429 3406 2⁷,
447 3340 473 3391 8.
491 3339 679 3404 'fetatucram
697 3335 802 3407 (MRI,
821 3342 869 3406 at,
887 3335 931 3404 cl,
950 3339 976 3410 β,
995 3337 1061 3407 W.).
1079 3343 1106 3392 ct
1121 3339 1155 3394 de
1171 3344 1202 3393 et.

243 3405 309 3475 (W.)
333 3409 384 3461 aut
406 3407 440 3462 de
456 3411 489 3462 et.
513 3407 641 3476 (a1‚B.).
691 3407 743 3477 Ep.
762 3413 805 3462 28.
837 3423 878 3463 me
895 3408 1069 3464 immutatum
1087 3425 1202 3464 amorem
1270 3453 1271 3476 ,

243 3492 330 3530 meam
357 3477 433 3547 (W.).
465 3493 506 3533 me
526 3479 622 3533 minae
643 3482 731 3532 tutam
753 3493 844 3534 emere
867 3494 923 3535 meo
947 3479 1014 3534 MR
1047 3479 1108 3548 (sed
1135 3481 1201 3536 lusce
1270 3479 1271 3542 J

243 3548 364 3600 memmio
386 3551 404 3601 t.
423 3565 449 3602 c.
468 3551 528 3616 m),
557 3549 574 3621 β
597 3549 656 3618 (sed
678 3553 768 3603 tutam
786 3553 816 3604 et
837 3553 886 3618 eo).
917 3567 959 3606 me
984 3550 1096 3608 mimium
1117 3557 1201 3608 totum
1270 3557 1271 3602 ἐ

243 3631 361 3672 umorem
378 3632 408 3671 eo
426 3618 446 3672 1.
467 3618 528 3685 (sed
544 3619 577 3673 cb
595 3635 628 3674 ea
645 3636 696 3690 pro
715 3623 764 3690 eo),
782 3639 828 3689 m.‚
847 3621 877 3676 Β.
