2582 3980
230 227 296 290 642
515 227 552 282 11.
572 225 694 283 TULLII
713 223 904 292 CICERONIS

230 372 286 435 illa
316 369 430 434 callere
457 369 585 434 videtur
605 367 789 452 Philippus
820 368 875 452 qui
903 369 1054 454 privigno
1080 372 1190 436 minus

230 457 393 541 tribuerit,
415 479 512 541 quam
535 454 660 542 Cicero,
682 457 737 540 qui
760 457 866 522 alieno
889 457 1026 522 tribuat!
1062 458 1192 524 desinat

229 547 332 632 igitur
366 545 535 632 gloriando
567 546 665 610 etiam
700 545 852 610 insectari
884 545 1012 612 dolores
1043 550 1192 630 nostros3

230 635 307 719 quid
330 634 416 700 enim
430 638 542 700 nostra
564 634 717 700 *vietum
737 655 807 700 esse
820 633 1011 719 Antonium,
1034 635 1062 698 si
1082 635 1192 700 victus

203 727 289 808 cest,
311 726 348 788 ut
370 722 425 788 alii
447 727 585 806 vacaret,
607 722 692 806 quod
705 722 760 786 ille
773 721 938 787 obtinuit?
960 723 1088 788 tametsi
1111 726 1193 788 tuae

230 811 356 876 litterae
384 811 481 876 dubia
508 811 605 876 etiam
635 832 723 874 nunc
750 811 944 896 significant
988 810 1086 876 Vivat
1115 811 1193 876 her·

230 901 300 964 eule
320 897 440 982 Cicero,
463 899 518 984 qui
540 903 657 983 potest,
680 899 869 983 suppleret
837 898 1059 982 et‚obnoxius
1081 899 1109 963 si
1133 922 1193 964 ne·

230 1010 292 1072 que
315 988 431 1054 aetatis
457 1009 562 1072 neque
584 987 745 1089 honorum
767 1008 871 1070 neque
894 1008 1001 1051 rerum
1024 991 1194 1072 gestarum

229 1077 342 1162 pudet:
370 1096 431 1161 ego
455 1080 556 1160 certe,
578 1076 657 1159 quin
680 1097 752 1139 cum
775 1075 846 1176 ipse
866 1097 902 1139 re
924 1076 1044 1139 bellum
1067 1096 1195 1160 geram,

229 1165 292 1231 hoc
324 1167 374 1230 est
405 1185 478 1230 oum
508 1184 610 1248 regno
639 1163 706 1226 et
697 1163 839 1247 rmperiis
866 1145 1128 1228 extraordinariis
1158 1169 1195 1228 et

230 1253 449 1320 dominatione
473 1256 506 1318 et
527 1252 687 1336 potentia,
718 1272 799 1335 quae
827 1273 926 1335 supra
946 1253 1034 1336 leges
1058 1273 1090 1321 se
1115 1273 1194 1318 esse

230 1342 320 1427 velit,
351 1343 441 1406 nulla
464 1341 615 1406 critiam
636 1339 724 1404 bona
746 1338 892 1405 condicio
917 1339 1088 1422 serviendi,
1123 1361 1195 1423 qua

229 1392 404 1514 demiretur,
426 1429 572 1513 quamvis
595 1428 638 1492 rit
660 1428 709 1492 vir
731 1428 846 1512 bonuS,
867 1431 905 1491 ut
927 1428 1052 1511 scribis,
1073 1427 1093 1506 †
1118 1425 1193 1492 An-

228 1518 347 1602 tonius,
368 1481 454 1602 qdod
468 1537 528 1602 ego
542 1538 718 1600 numquam
734 1479 927 1599 exisbriravi3
950 1516 1006 1580 sed
1019 1515 1193 1582 dominum

229 1627 270 1670 ne
293 1610 461 1708 parentem
474 1605 604 1690 quidem
626 1605 764 1670 maiores
786 1603 891 1668 nostri
913 1605 1084 1669 voluerunt
1104 1625 1193 1670 esse.

229 1693 275 1758 Te
298 1694 361 1760 nisi
383 1697 512 1758 tantum
536 1714 686 1777 amarem,
708 1696 865 1776 quantum
886 1689 1033 1757 Ciceroni
1053 1714 1192 1795 persua-

230 1803 301 1846 sum
324 1784 373 1846 est
395 1781 486 1866 diligi
509 1803 543 1844 se
566 1781 607 1846 ab
631 1779 773 1864 Octavio
798 1780 878 1845 haec
901 1780 941 1845 ad
964 1785 997 1844 te
1018 1802 1085 1845 non
1106 1784 1193 1846 scri·

228 1870 377 1954 psissem:
398 1869 486 1935 dolet
471 1869 588 1951 tmihi,
601 1869 687 1953 quod
701 1873 738 1934 tu
750 1889 838 1933 nuno
852 1869 1062 1934 stomacheris
1076 1890 1194 1934 aman-

228 1959 372 2023 tissimus
395 1980 494 2043 quum
517 1961 647 2022 tuorum
670 1957 823 2041 omnium,
845 1960 915 2022 tum
930 1954 1106 2041 Ciceronis3
1132 1959 1194 2024 sed

228 2047 385 2131 persuade
406 2047 468 2112 tibi
495 2045 533 2110 de
557 2046 724 2111 voluntate
749 2045 881 2130 propria
908 2067 980 2110 mea
1006 2045 1089 2110 nihil
1115 2067 1194 2112 esse

132 2213 134 2217 y
228 2136 406 2218 remissum,
429 2134 467 2199 de
490 2134 607 2199 iudicio
630 2133 771 2218 largiter,
794 2155 898 2217 neque
920 2135 1006 2198 enim
1019 2135 1194 2217 impetrari

228 2226 345 2307 potest,
369 2223 457 2307 quin,
479 2223 573 2324 quale
596 2221 735 2306 quidque
758 2221 955 2286 videatur
927 2244 966 2306 ei,
988 2223 1086 2286 talem
1100 2223 1193 2306 quis-

206 2318 289 2400 7que
317 2310 356 2376 de
383 2311 439 2376 illo
468 2310 653 2395 opinionem
679 2309 807 2374 habeat.
852 2309 978 2375 Vellem
1007 2310 1087 2374 mihi
1109 2313 1192 2376 seri-

228 2399 361 2482 psisses,
393 2420 475 2483 quae
508 2398 713 2464 condiciones
744 2402 853 2463 essent
879 2397 1007 2462 Atticae
1039 2402 1192 2473 nostrae:

228 2487 404 2570 potuissem
436 2486 602 2569 aliquidt
587 2486 648 2550 tibi
679 2487 718 2552 de
747 2507 820 2552 mec
852 2507 949 2550 sensu
980 2486 1192 2588 perscribere
1283 2565 1284 2568 Ἴ

228 2573 456 2639 Valetudinem
469 2573 601 2640 Porciae
615 2595 705 2638 meae
721 2575 781 2638 tibi
795 2595 889 2638 curae
904 2595 1055 2640 essenon
1077 2597 1192 2654 mrror.

227 2659 388 2745 Denique,
420 2662 506 2746 quod
528 2663 625 2746 petis,
656 2663 773 2726 faciam
799 2663 949 2747 libenter,
980 2684 1057 2726 nam
1087 2664 1191 2728 etiam

229 2770 354 2824 sorores
377 2770 428 2814 me
450 2753 582 2834 rogant:
615 2752 648 2814 et
676 2749 841 2814 hominem
863 2772 944 2816 noro
968 2755 1001 2815 et
1023 2751 1101 2834 quid
1124 2753 1189 2818 sibi
1283 2829 1284 2836 ἵ

228 2838 374 2904 voluerit.

204 3071 210 3082 .
300 3027 457 3097 11]).ιῖμὸ
482 3026 584 3094 Οιιιιο,
601 3029 651 3096 oui
668 3029 758 3084 aliero
775 3029 880 3082 tribuat
898 3029 1001 3097 (Mlti,
1020 3029 1110 3098 Pall..)
1143 3033 1186 3156 Aoi

230 3096 260 3155 0
279 3115 305 3152 ιι.
324 3046 422 3152 tribuit
441 3099 494 3166 (W.
514 3101 543 3153 et
561 3097 705 3167 Kayser)?
725 3098 753 3154 0.
771 3116 797 3153 ιι.
815 3099 922 3153 tribuat
938 3071 1021 3166 lund..
1040 3117 1072 3168 ι,
1091 3119 1109 3156 ι

229 3165 403 3219 -ιιοιιιιι
417 3180 441 3219 ι.
506 3166 577 3230 )..ιι
592 3167 675 3230 refert
693 3167 749 3231 (vel
766 3167 929 3235 intensor.
945 3166 999 3236 (W.
1001 3139 1021 3233 ).’
1044 3175 1069 3222 1.
1088 3118 1185 3239 11

227 3235 320 3289 tertiae
339 3233 405 3303 (W.)
424 3253 441 3290 v
473 3251 509 3304 go
527 3235 632 3303 rine†
652 3235 778 3289 demicus
797 3237 862 3305 (W)
882 3238 932 3291 aut
951 3236 1081 3294 Octaviae
1100 3239 1185 3304 (Tun-

229 3304 313 3370 stall.)
333 3305 383 3358 aut
400 3303 453 3362 del.
473 3306 539 3358 Ant.
560 3304 680 3374 (111)·-
698 3305 779 3374 diliyr'
797 3321 824 3360 re
843 3309 898 3376 (R,
917 3307 1043 3362 1.--ex
1061 3309 1184 3378 suis,-

226 3372 327 3438 Regii)
348 3373 410 3428 Om.
429 3388 456 3429 cc
474 3375 584 3429 MRIB.
