2608 3972
262 224 523 282 EPISTOLARUM
540 227 590 284 AD
607 227 772 286 ATTIOUM
789 231 824 287 11.
842 237 867 286 8.
886 237 912 287 4.
1026 228 1070 295 63

107 366 233 452 scripta
255 359 544 454 ἀριστοκρατικῶς,
567 369 711 457 Calliope
729 373 801 458 ipsa
818 374 1070 460 praescripserit,

106 456 324 610 pizzagprinor
351 478 421 524 esse
449 458 676 545 dubitandum,
708 461 787 546 quin
818 482 944 549 semper
974 463 1069 528 nobis

183 657 232 744 εἷς
254 661 377 744 οἰωνὸς
398 663 533 755 ἄριστος
555 664 745 755 ἀμύνεσθαι
766 647 841 758 aspi
862 670 997 761 πάτρης.

109 787 173 854 Sed
195 789 278 856 liaeo
304 792 578 859 ambulationibus
601 792 833 880 Compitaliciis
859 818 1067 866 reservemus.

108 875 158 942 'Pu
181 877 286 962 pridie
300 877 380 946 (dom
402 880 494 946 italia
510 886 672 949 memento
696 921 739 934 -
762 884 926 952 balineum
949 886 1067 952 calfieri

107 965 227 1031 iubebo
250 1003 308 1052 -,
330 971 364 1034 et
380 903 597 1054 domponiam
619 970 771 1038 Terentia
796 976 905 1060 rogat3
931 977 1067 1039 matram

107 1054 330 1140 adiungemus.
357 1053 577 1142 Θεοφράστου
597 1057 673 1144 περὶ
687 1063 877 1144 φιλοτιμίας
895 1061 973 1130 affer
987 1061 1067 1131 mihi

107 1141 147 1206 de
170 1143 263 1208 libris
287 1143 399 1221 Quinti
421 1145 541 1212 fratris.

562 1426 620 1496 tv.

221 1545 281 1604 ser.
297 1547 329 1605 in
347 1545 507 1636 Tusculano
525 1566 620 1606 mense
636 1549 740 1608 Martio
760 1569 785 1608 a
803 1571 830 1608 u.
849 1570 873 1608 o.
892 1557 954 1610 m.

400 1653 529 1713 CICERO
547 1655 682 1714 ATTICO
701 1657 777 1714 SAL.

173 1761 295 1830 Fecisti
311 1763 392 1828 mihi
413 1769 610 1850 pergratum,
632 1766 719 1850 quod
742 1767 924 1852 Serapionis
946 1767 1092 1836 librums

105 1851 147 1918 ad
170 1873 223 1918 me
252 1852 383 1936 misisti,
415 1872 454 1916 ex
481 1874 544 1938 quo
568 1854 696 1938 quidem
720 1875 780 1941 ego
805 1891 847 1905 ··—
871 1856 957 1940 quod
979 1856 1066 1922 inter

105 1961 167 2006 nos
181 1940 279 2005 lioeat
292 1940 397 2005 dioere
411 1975 453 1990 -·
471 1941 675 2012 millesimum
697 1947 823 2028 partam
836 1943 890 2010 vix
903 1944 1064 2030 intelligo:

105 2051 165 2116 pro
189 2049 230 2093 eo
250 2028 312 2093 tibi
333 2032 536 2113 praesentem
557 2031 728 2115 pecuniam
742 2032 824 2098 solvi
836 2032 1001 2118 imperavi,
1022 2053 1064 2098 ne

106 2121 143 2183 tu
156 2137 335 2202 expensum
348 2119 535 2184 munoribus
556 2119 666 2186 ferres.
693 2121 715 2200 †
728 2119 783 2204 At,
806 2121 959 2204 quoniam
972 2141 1063 2187 num·

105 2226 234 2272 morum
255 2206 377 2271 mentio
400 2205 489 2272 faeta
511 2210 573 2292 est,
602 2209 717 2276 amabo
740 2212 783 2292 to,
814 2229 900 2292 eura,
930 2211 969 2273 ut
991 2228 1064 2272 oum

105 2291 243 2377 litinio,
265 2315 394 2378 quoquo
417 2294 514 2361 modo
536 2297 672 2381 poteris,
700 2296 877 2380 uansigas:
908 2295 994 2362 siin
1015 2316 1064 2382 eo,

106 2382 192 2466 quod
217 2381 417 2466 ostenderat,
437 2403 506 2448 nou
529 2388 602 2466 stat,
624 2384 706 2452 mihi
727 2384 867 2452 maxime
888 2383 994 2468 plaoet
1016 2404 1063 2469 aa,

104 2491 188 2554 quae
200 2470 288 2540 mele
300 2473 409 2555 empta
422 2474 507 2555 sunt,
528 2472 628 2555 reddi,
642 2474 670 2537 si
682 2473 850 2540 voluntate
864 2470 1063 2557 Pomponiae

103 2557 174 2623 fieri
199 2557 334 2642 poterit3
366 2559 394 2622 si
420 2579 461 2623 ne
487 2559 521 2624 id
549 2559 691 2646 quidem',
721 2560 845 2626 nummi
871 2561 980 2646 potius
1008 2561 1063 2630 ad·

103 2645 234 2730 dantur,
256 2667 354 2730 quam
375 2647 461 2711 ullus
483 2648 527 2712 sit
550 2650 727 2733 serupulus.
754 2647 858 2714 Valde
880 2648 943 2714 hoe
956 2650 1062 2734 velim,

105 2737 281 2819 antequam
301 2734 511 2820 proficiscare,
534 2740 690 2821 amanter,
712 2739 749 2802 ut
763 2738 855 2821 soles,
878 2737 1062 2822 diligenter·

103 2844 165 2906 que
188 2821 350 2887 conficias.
394 2820 525 2889 Clodius
548 2845 634 2910 ergo,
656 2828 694 2889 ut
716 2825 773 2910 ais,
796 2824 837 2889 ed
861 2824 1089 2910 Tigranemti

104 2911 200 2974 velim
222 2910 244 2988 †
268 2907 401 2995 Syrpiae
429 2911 629 2996 eondioioue3
656 2913 712 2978 sed
738 2913 832 2980 faoile
858 2913 978 2997 patior,
1010 2934 1061 2976 ao·

102 2997 338 3064 commodatius
352 2999 438 3064 enim
460 3000 555 3065 nobis
569 3001 630 3066 erit
644 3001 684 3066 ad
706 3001 841 3067 liberam
863 3000 1060 3086 legationem

102 3083 232 3171 tempus
254 3085 344 3171 illud,
367 3107 465 3170 quum
488 3091 521 3152 et
538 3085 676 3165 Quintus
698 3093 810 3156 noster
832 3089 906 3172 iam,
928 3090 966 3152 ut
988 3108 1061 3172 spa·

172 3275 225 3348 Itp.
245 3283 271 3345 3,
290 3283 315 3332 8.
333 3272 497 3349 ἀμύνεσθαι
515 3279 669 3350 (Homerus,
683 3282 732 3336 vul
769 3283 788 3348 ).
807 3274 975 3350 ἀμύνασθαι
992 3277 1058 3334 ΜΒ.

103 3346 153 3420 Ep.
171 3354 198 3416 4,
219 3355 243 3404 1.
268 3349 345 3416 †Ar
364 3349 439 3420 (W).
458 3350 548 3420 Atussa
561 3352 607 3406 vel
620 3353 663 3406 Ao
677 3354 727 3406 aut
779 3350 845 3420 (W.)
865 3351 916 3404 aut
932 3348 987 3404 Sed
1006 3348 1058 3473 (13.

104 3447 137 3460 ’-
155 3419 299 3476 audomar
326 3421 383 3488 (m,
407 3421 426 3474 l.
449 3437 547 3491 margo
571 3425 658 3491 1684).
690 3421 765 3476 redd.
783 3419 877 3489 Mul,
905 3419 999 3486 aolb,
1051 3460 1058 3473 .

103 3493 127 3544 2.
145 3489 238 3544 vellem
257 3487 342 3559 (Ἢν
374 3489 481 3561 Zopyri
498 3491 652 3547 conditione
670 3491 755 3560 (W.)?
782 3521 817 3534 -
843 3490 923 3547 meo
944 3493 996 3546 erit
1021 3489 1060 3544 od

104 3557 198 3630 (Eun).
217 3577 246 3614 a.
265 3565 303 3615 eet
321 3561 359 3615 ad
377 3561 501 3631 (vulgo)?
