2590 3964
232 215 296 280 120
514 213 552 270 Μ.
571 213 694 268 TULLII
713 211 905 270 CICERONIS

199 361 272 448 rpl.
294 357 459 424 dederunt.
484 356 644 424 Postridie
667 361 798 424 senatus
817 359 969 442 frequens
982 361 1004 439 †
1019 363 1053 424 et
1074 381 1192 424 omnes

229 447 416 514 consulares
438 445 520 512 nihil
543 445 697 531 Pompeio
724 449 799 530 post
784 446 904 512 tulanti
929 451 1111 548 negarunt3
1132 449 1188 512 ille

229 537 355 622 legatos
378 531 562 636 quindecim
585 555 684 618 quum
711 556 771 620 pos
772 535 906 619 t,ularet
935 557 987 599 me
1007 536 1187 620 prinoipem

228 623 411 690 nominavit
437 625 471 688 et
496 623 541 690 ad
566 622 674 689 omnis
700 643 752 688 me
780 622 917 689 alterum
944 645 980 688 se
1005 623 1076 689 iore
1099 623 1188 688 dixit.
1280 635 1281 712 l

229 711 350 798 Legem
377 711 525 778 eonsules
553 711 826 796 conscripserunt,
859 733 923 796 qua
949 710 1102 796 Pompeio
1129 733 1189 794 per

229 799 486 885 quinquennium
501 799 606 865 omnis
629 801 774 883 potestas
793 801 841 864 rei
863 799 1093 864 frumentariae
1114 803 1189 864 toto

229 889 306 954 orbe
328 891 488 954 terrerum
511 887 655 970 daretur3
678 887 813 952 alteram
833 887 981 973 Messius,
1003 888 1058 973 qui
1080 888 1189 954 omnis

228 977 383 1062 pecuniae
420 975 476 1042 det
511 979 732 1078 potestatem
742 979 775 1040 et
804 975 959 1078 adiungit·
988 977 1124 1040 classem
1155 980 1189 1040 et
1281 970 1282 1014 l

229 1066 403 1132 exereitum
430 1068 463 1129 et
489 1063 593 1130 meins
620 1063 790 1149 imperium
811 1065 848 1129 in
869 1064 1058 1149 provinciis,
1088 1085 1189 1148 quam

229 1154 273 1220 sit
295 1175 420 1238 eorum,
449 1153 504 1238 qui
527 1173 581 1218 ees
604 1153 785 1218 obtineant:
821 1152 878 1218 illa
899 1157 1012 1218 nostre
1033 1152 1087 1217 lex
1109 1173 1187 1217 eon-

229 1241 345 1308 snlaris
377 1262 464 1308 nune
499 1241 645 1307 modeste
676 1241 815 1326 videtur,
854 1241 935 1306 haee
971 1239 1081 1305 Messii
1119 1261 1189 1306 non

228 1329 370 1396 ferenda.
415 1323 589 1413 Pompeius
612 1329 701 1394 illem
724 1329 805 1394 uelle
832 1351 867 1394 se
890 1329 980 1411 dicit,
1009 1329 1189 1394 familiares
1282 1373 1283 1384 ι

228 1417 322 1484 hene.
358 1415 552 1486 Consulares
575 1417 654 1482 duee
672 1415 817 1483 Fauonio
839 1379 996 1500 fremunl,
1018 1437 1079 1481 nos
1101 1421 1189 1482 taee-

229 1528 315 1590 mus,
341 1509 374 1571 et
397 1527 435 1571 eo
457 1506 576 1590 magis,
602 1505 688 1590 quod
711 1505 750 1570 de
773 1505 868 1572 domo
890 1509 1004 1570 nostre
1025 1505 1110 1570 nihil
1132 1506 1190 1570 ad·

228 1595 293 1660 huo
315 1593 483 1678 pontifices
506 1594 755 1679 responderunt:
792 1594 847 1678 qui
870 1595 897 1658 si
920 1593 1111 1658 sustinerint
1137 1615 1189 1658 re-

228 1683 393 1768 ligionem,
416 1704 524 1746 aream
545 1683 744 1766 praeclaram
762 1682 964 1764 habebimus,
986 1681 1191 1766 superficiem
1283 1699 1284 1716 ³

229 1771 378 1836 consules
392 1791 431 1835 ex
445 1774 576 1836 senatus
594 1771 741 1836 consulto
756 1769 987 1852 aestimabunt3
1010 1772 1062 1834 sin
1084 1771 1191 1853 aliter,

229 1858 452 1941 demolientur,
475 1880 533 1924 suo
547 1859 677 1924 nomine
691 1858 854 1941 locabunt,
875 1879 944 1923 rem
966 1862 1069 1922 totam
1091 1859 1190 1922 sesti-

201 1947 373 2012 emabunt.
409 1946 461 2012 Ita
479 1950 556 2013 sunt
569 1969 620 2012 res
633 1950 773 2028 nostrae,
794 1947 880 2012 utin
894 1946 1051 2030 secundis,
1072 1945 1191 2030 fluxae,

229 2036 325 2102 utin
347 2036 498 2118 adversis,
519 2036 633 2101 bonae.
669 2035 708 2100 Ιιι
727 2057 762 2100 re
785 2034 937 2100 familiari
950 2034 1043 2099 valde
1065 2056 1191 2117 sumus,
1284 2047 1285 2050 ’

229 2130 267 2189 ut
289 2125 360 2208 seis,
382 2124 570 2209 perturbati.
606 2123 777 2188 Praeterea
799 2128 877 2188 sunt
898 2122 1056 2206 quaedam
1077 2122 1189 2187 dome-

230 2213 324 2295 stica,
355 2235 436 2298 quae
463 2213 580 2278 litteris
608 2234 675 2278 non
703 2211 882 2277 committo.
918 2209 955 2286 Q
981 2211 1116 2276 fratrem
1138 2211 1191 2274 in·

228 2301 338 2451 dieglrneio.
343 2301 643 2472 Pi'lddatgsplelorddtdt
658 2300 735 2470 did?
747 2299 939 2452 ritrinddhtdrudns
953 2299 1191 2486 rsdirrfdedllddqdd

229 2475 339 2539 animo
360 2475 481 2557 venias,
509 2479 547 2538 ut
568 2496 619 2540 me
642 2480 699 2541 tuo
722 2476 858 2541 oonsilio
881 2495 975 2560 egere
997 2497 1065 2540 non
1088 2475 1191 2539 sines.

227 2560 373 2626 Alterius
395 2561 480 2625 ritae
504 2561 666 2646 quoddam
688 2563 818 2628 initium
840 2563 997 2629 ordimur:
1027 2563 1094 2626 ism
1117 2563 1190 2645 qui-

228 2647 313 2732 dam,
334 2647 390 2733 qui
412 2669 473 2713 nos
496 2649 647 2715 absentes
669 2649 891 2733 defenderunt,
912 2651 1074 2734 incipiunt
1094 2672 1190 2734 prae-

228 2735 375 2801 sentibus
397 2738 521 2802 annulis
543 2737 648 2822 iresoi,
669 2741 780 2822 aperte
801 2738 958 2821 invidere3
980 2738 1190 2804 vehementer

228 2828 261 2890 te
283 2823 484 2908 requirimus.

227 3031 580 3174 diffidi-eur
597 3033 1190 3174 leifrsi‘ffl'

226 3173 448 3244 mmet(
447 3145 550 3244 ΜΒΜ,)ι
