<?xml version="1.0" encoding="UTF-8"?>
<!DOCTYPE html PUBLIC "-//W3C//DTD XHTML 1.0 Transitional//EN"
    "http://www.w3.org/TR/xhtml1/DTD/xhtml1-transitional.dtd">
<html xmlns="http://www.w3.org/1999/xhtml" xml:lang="en" lang="en">
 <head>
  <title>
</title>
<meta http-equiv="Content-Type" content="text/html;charset=utf-8" />
  <meta name='ocr-system' content='tesseract 3.04.00' />
  <meta name='ocr-capabilities' content='ocr_page ocr_carea ocr_par ocr_line ocrx_word'/>
</head>
<body>
  <div class='ocr_page' id='page_1' title='image "./epistolae01wesegoog_0180.png"; bbox 0 0 2522 3960; ppageno 0'>
   <div class='ocr_carea' id='block_1_1' title="bbox 238 187 910 252">
    <p class='ocr_par' dir='ltr' id='par_1_1' title="bbox 238 187 910 252">
     <span class='ocr_line' id='line_1_1' title="bbox 238 187 910 252; baseline -0.007 -1"><span class='ocrx_word' id='word_1_1' title='bbox 238 188 303 252; x_wconf 79' lang='lat' dir='ltr'><strong>llO</strong></span> <span class='ocrx_word' id='word_1_2' title='bbox 520 187 910 248; x_wconf 58' lang='lat' dir='ltr'><strong>lausannensem</strong></span> 
     </span>
    </p>
   </div>
   <div class='ocr_carea' id='block_1_2' title="bbox 233 332 1204 506">
    <p class='ocr_par' dir='ltr' id='par_1_2' title="bbox 233 332 1204 506">
     <span class='ocr_line' id='line_1_2' title="bbox 235 332 1204 436; baseline -0.004 -37"><span class='ocrx_word' id='word_1_3' title='bbox 235 337 294 400; x_wconf 88' lang='lat' dir='ltr'><strong>aut</strong></span> <span class='ocrx_word' id='word_1_4' title='bbox 319 333 420 436; x_wconf 38' lang='lat' dir='ltr'><strong>⁸,qnid</strong></span> <span class='ocrx_word' id='word_1_5' title='bbox 442 332 483 398; x_wconf 80' lang='lat' dir='ltr'><strong>sd</strong></span> <span class='ocrx_word' id='word_1_6' title='bbox 513 336 547 398; x_wconf 86' lang='lat' dir='ltr'><strong>ts</strong></span> <span class='ocrx_word' id='word_1_7' title='bbox 580 332 719 400; x_wconf 81' lang='lat' dir='ltr'><strong>attinet?</strong></span> <span class='ocrx_word' id='word_1_8' title='bbox 763 335 986 398; x_wconf 74' lang='lat' dir='ltr'>verumtamen</span> <span class='ocrx_word' id='word_1_9' title='bbox 1016 332 1204 414; x_wconf 79' lang='lat' dir='ltr'><strong>decumani,</strong></span> 
     </span>
     <span class='ocr_line' id='line_1_3' title="bbox 233 419 1202 506; baseline 0 -20"><span class='ocrx_word' id='word_1_10' title='bbox 233 422 327 506; x_wconf 78' lang='lat' dir='ltr'><strong>quaet</strong></span> <span class='ocrx_word' id='word_1_11' title='bbox 347 421 507 488; x_wconf 77' lang='lat' dir='ltr'><strong>venissem</strong></span> <span class='ocrx_word' id='word_1_12' title='bbox 529 442 603 489; x_wconf 86' lang='lat' dir='ltr'><strong>oum</strong></span> <span class='ocrx_word' id='word_1_13' title='bbox 624 421 774 506; x_wconf 81' lang='lat' dir='ltr'><strong>imperio,</strong></span> <span class='ocrx_word' id='word_1_14' title='bbox 800 419 914 486; x_wconf 76' lang='lat' dir='ltr'><strong>Graeci</strong></span> <span class='ocrx_word' id='word_1_15' title='bbox 935 421 1028 505; x_wconf 85' lang='lat' dir='ltr'><strong>quasi</strong></span> <span class='ocrx_word' id='word_1_16' title='bbox 1050 419 1202 504; x_wconf 81' lang='lat' dir='ltr'><strong>Ephesio</strong></span> 
     </span>
    </p>
   </div>
   <div class='ocr_carea' id='block_1_3' title="bbox 235 509 1250 666">
    <p class='ocr_par' dir='ltr' id='par_1_3' title="bbox 235 494 1250 666">
     <span class='ocr_line' id='line_1_4' title="bbox 235 509 1202 596; baseline -0.004 -20"><span class='ocrx_word' id='word_1_17' title='bbox 235 509 787 596; x_wconf 81' lang='lat' dir='ltr'><strong>praetorissalsoresobtulenmt.</strong></span> <span class='ocrx_word' id='word_1_18' title='bbox 810 531 850 576; x_wconf 86' lang='lat' dir='ltr'><strong>ex</strong></span> <span class='ocrx_word' id='word_1_19' title='bbox 872 512 991 594; x_wconf 87' lang='lat' dir='ltr'><strong>quote</strong></span> <span class='ocrx_word' id='word_1_20' title='bbox 1013 509 1202 594; x_wconf 80' lang='lat' dir='ltr'><strong>intelligere</strong></span> 
     </span>
     <span class='ocr_line' id='line_1_5' title="bbox 235 597 1250 666; baseline 0.002 -2"><span class='ocrx_word' id='word_1_21' title='bbox 235 603 325 664; x_wconf 80' lang='lat' dir='ltr'><strong>certo</strong></span> <span class='ocrx_word' id='word_1_22' title='bbox 356 599 423 664; x_wconf 83' lang='lat' dir='ltr'><strong>seio</strong></span> <span class='ocrx_word' id='word_1_23' title='bbox 455 599 631 665; x_wconf 87' lang='lat' dir='ltr'><strong>multorum</strong></span> <span class='ocrx_word' id='word_1_24' title='bbox 657 619 817 664; x_wconf 87' lang='lat' dir='ltr'><strong>annorum</strong></span> <span class='ocrx_word' id='word_1_25' title='bbox 844 597 1079 664; x_wconf 67' lang='lat' dir='ltr'><strong>ostentationes</strong></span> <span class='ocrx_word' id='word_1_26' title='bbox 1106 617 1202 662; x_wconf 85' lang='lat' dir='ltr'><strong>meas</strong></span> <span class='ocrx_word' id='word_1_27' title='bbox 1249 631 1250 666; x_wconf 78' lang='lat' dir='ltr'><strong>l</strong></span> 
     </span>
    </p>
   </div>
   <div class='ocr_carea' id='block_1_4' title="bbox 208 685 1251 1656">
    <p class='ocr_par' dir='ltr' id='par_1_4' title="bbox 208 685 1202 1656">
     <span class='ocr_line' id='line_1_6' title="bbox 235 685 1202 769; baseline -0.002 -18"><span class='ocrx_word' id='word_1_28' title='bbox 235 708 325 762; x_wconf 86' lang='lat' dir='ltr'><strong>nune</strong></span> <span class='ocrx_word' id='word_1_29' title='bbox 353 687 390 754; x_wconf 87' lang='lat' dir='ltr'><strong>in</strong></span> <span class='ocrx_word' id='word_1_30' title='bbox 420 686 593 752; x_wconf 85' lang='lat' dir='ltr'><strong>diserimen</strong></span> <span class='ocrx_word' id='word_1_31' title='bbox 619 708 689 752; x_wconf 88' lang='lat' dir='ltr'><strong>esse</strong></span> <span class='ocrx_word' id='word_1_32' title='bbox 720 685 889 769; x_wconf 62' lang='lat' dir='ltr'><strong>adductam</strong></span> <span class='ocrx_word' id='word_1_33' title='bbox 925 685 995 768; x_wconf 88' lang='lat' dir='ltr'><strong>sed,</strong></span> <span class='ocrx_word' id='word_1_34' title='bbox 1026 688 1066 750; x_wconf 87' lang='lat' dir='ltr'><strong>ut</strong></span> <span class='ocrx_word' id='word_1_35' title='bbox 1091 707 1202 769; x_wconf 85' lang='lat' dir='ltr'><strong>spero,</strong></span> 
     </span>
     <span class='ocr_line' id='line_1_7' title="bbox 235 774 1200 859; baseline -0.002 -19"><span class='ocrx_word' id='word_1_36' title='bbox 235 779 364 842; x_wconf 87' lang='lat' dir='ltr'><strong>utemur</strong></span> <span class='ocrx_word' id='word_1_37' title='bbox 385 797 424 840; x_wconf 82' lang='lat' dir='ltr'><strong>ee</strong></span> <span class='ocrx_word' id='word_1_38' title='bbox 446 776 617 859; x_wconf 71' lang='lat' dir='ltr'><strong>palaestin,</strong></span> <span class='ocrx_word' id='word_1_39' title='bbox 639 795 736 858; x_wconf 88' lang='lat' dir='ltr'><strong>quam</strong></span> <span class='ocrx_word' id='word_1_40' title='bbox 749 795 771 838; x_wconf 85' lang='lat' dir='ltr'><strong>a</strong></span> <span class='ocrx_word' id='word_1_41' title='bbox 783 778 816 840; x_wconf 89' lang='lat' dir='ltr'><strong>te</strong></span> <span class='ocrx_word' id='word_1_42' title='bbox 830 774 1007 856; x_wconf 70' lang='lat' dir='ltr'><strong>didicimus,</strong></span> <span class='ocrx_word' id='word_1_43' title='bbox 1029 774 1200 840; x_wconf 87' lang='lat' dir='ltr'><strong>omnibus-</strong></span> 
     </span>
     <span class='ocr_line' id='line_1_8' title="bbox 235 861 1200 949; baseline -0.009 -15"><span class='ocrx_word' id='word_1_44' title='bbox 235 885 299 949; x_wconf 78' lang='lat' dir='ltr'><strong>que</strong></span> <span class='ocrx_word' id='word_1_45' title='bbox 326 864 575 947; x_wconf 76' lang='lat' dir='ltr'><strong>satisfaoiemus,</strong></span> <span class='ocrx_word' id='word_1_46' title='bbox 605 867 638 928; x_wconf 89' lang='lat' dir='ltr'><strong>et</strong></span> <span class='ocrx_word' id='word_1_47' title='bbox 669 884 708 928; x_wconf 87' lang='lat' dir='ltr'><strong>eo</strong></span> <span class='ocrx_word' id='word_1_48' title='bbox 734 863 875 946; x_wconf 74' lang='lat' dir='ltr'><strong>facilins,</strong></span> <span class='ocrx_word' id='word_1_49' title='bbox 906 861 1029 946; x_wconf 88' lang='lat' dir='ltr'><strong>quod&#39;</strong></span> <span class='ocrx_word' id='word_1_50' title='bbox 1018 883 1055 926; x_wconf 86' lang='lat' dir='ltr'><strong>m</strong></span> <span class='ocrx_word' id='word_1_51' title='bbox 1081 866 1200 926; x_wconf 85' lang='lat' dir='ltr'><strong>nostre</strong></span> 
     </span>
     <span class='ocr_line' id='line_1_9' title="bbox 235 949 1200 1038; baseline -0.004 -21"><span class='ocrx_word' id='word_1_52' title='bbox 235 953 402 1038; x_wconf 78' lang='lat' dir='ltr'><strong>provincia</strong></span> <span class='ocrx_word' id='word_1_53' title='bbox 410 952 576 1023; x_wconf 82' lang='lat' dir='ltr'><strong>ooufaotae</strong></span> <span class='ocrx_word' id='word_1_54' title='bbox 587 955 664 1016; x_wconf 87' lang='lat' dir='ltr'><strong>sunt</strong></span> <span class='ocrx_word' id='word_1_55' title='bbox 673 952 849 1036; x_wconf 72' lang='lat' dir='ltr'><strong>pannones</strong></span> <span class='ocrx_word' id='word_1_56' title='bbox 872 949 1017 1018; x_wconf 73' lang='lat' dir='ltr'><strong>sedhaee</strong></span> <span class='ocrx_word' id='word_1_57' title='bbox 1028 950 1200 1034; x_wconf 82' lang='lat' dir='ltr'><strong>haetenus,</strong></span> 
     </span>
     <span class='ocr_line' id='line_1_10' title="bbox 235 1036 1199 1125; baseline -0.003 -19"><span class='ocrx_word' id='word_1_58' title='bbox 235 1042 425 1125; x_wconf 85' lang='lat' dir='ltr'><strong>praesertim</strong></span> <span class='ocrx_word' id='word_1_59' title='bbox 447 1062 547 1124; x_wconf 83' lang='lat' dir='ltr'><strong>quum</strong></span> <span class='ocrx_word' id='word_1_60' title='bbox 569 1040 720 1106; x_wconf 77' lang='lat' dir='ltr'><strong>coenanti</strong></span> <span class='ocrx_word' id='word_1_61' title='bbox 741 1039 823 1106; x_wconf 88' lang='lat' dir='ltr'><strong>mihi</strong></span> <span class='ocrx_word' id='word_1_62' title='bbox 843 1039 1003 1104; x_wconf 86' lang='lat' dir='ltr'><strong>nuntiarit</strong></span> <span class='ocrx_word' id='word_1_63' title='bbox 1016 1036 1147 1104; x_wconf 76' lang='lat' dir='ltr'><strong>Cestius</strong></span> <span class='ocrx_word' id='word_1_64' title='bbox 1165 1060 1199 1103; x_wconf 89' lang='lat' dir='ltr'><strong>se</strong></span> 
     </span>
     <span class='ocr_line' id='line_1_11' title="bbox 208 1127 1251 1214; baseline -0.003 -20"><span class='ocrx_word' id='word_1_65' title='bbox 208 1129 276 1194; x_wconf 82' lang='lat' dir='ltr'><strong>¹de</strong></span> <span class='ocrx_word' id='word_1_66' title='bbox 290 1134 386 1194; x_wconf 85' lang='lat' dir='ltr'><strong>noete</strong></span> <span class='ocrx_word' id='word_1_67' title='bbox 408 1128 577 1214; x_wconf 85' lang='lat' dir='ltr'><strong>prolioisoi.</strong></span> <span class='ocrx_word' id='word_1_68' title='bbox 603 1128 674 1194; x_wconf 82' lang='lat' dir='ltr'><strong>Tua</strong></span> <span class='ocrx_word' id='word_1_69' title='bbox 686 1129 853 1214; x_wconf 81' lang='lat' dir='ltr'><strong>negotiola</strong></span> <span class='ocrx_word' id='word_1_70' title='bbox 865 1127 989 1212; x_wconf 83' lang='lat' dir='ltr'><strong>Ephesi</strong></span> <span class='ocrx_word' id='word_1_71' title='bbox 1005 1147 1101 1192; x_wconf 72' lang='lat' dir='ltr'><strong>eume</strong></span> <span class='ocrx_word' id='word_1_72' title='bbox 1115 1127 1251 1192; x_wconf 85' lang='lat' dir='ltr'><strong>mihi</strong></span> 
     </span>
     <span class='ocr_line' id='line_1_12' title="bbox 235 1215 1198 1302; baseline -0.002 -20"><span class='ocrx_word' id='word_1_73' title='bbox 235 1217 378 1302; x_wconf 81' lang='lat' dir='ltr'><strong>fuerunt,</strong></span> <span class='ocrx_word' id='word_1_74' title='bbox 400 1217 616 1301; x_wconf 80' lang='lat' dir='ltr'><strong>Thermoque,</strong></span> <span class='ocrx_word' id='word_1_75' title='bbox 637 1217 768 1282; x_wconf 84' lang='lat' dir='ltr'><strong>tametsi</strong></span> <span class='ocrx_word' id='word_1_76' title='bbox 790 1220 866 1282; x_wconf 83' lang='lat' dir='ltr'><strong>ante</strong></span> <span class='ocrx_word' id='word_1_77' title='bbox 889 1215 1064 1283; x_wconf 79' lang='lat' dir='ltr'><strong>advenum</strong></span> <span class='ocrx_word' id='word_1_78' title='bbox 1085 1236 1198 1280; x_wconf 89' lang='lat' dir='ltr'><strong>meum</strong></span> 
     </span>
     <span class='ocr_line' id='line_1_13' title="bbox 235 1304 1199 1390; baseline -0.003 -20"><span class='ocrx_word' id='word_1_79' title='bbox 235 1306 459 1371; x_wconf 77' lang='lat' dir='ltr'><strong>liberalissime</strong></span> <span class='ocrx_word' id='word_1_80' title='bbox 490 1309 559 1370; x_wconf 84' lang='lat' dir='ltr'><strong>erat</strong></span> <span class='ocrx_word' id='word_1_81' title='bbox 594 1305 757 1390; x_wconf 83' lang='lat' dir='ltr'><strong>pollicitus</strong></span> <span class='ocrx_word' id='word_1_82' title='bbox 788 1305 854 1372; x_wconf 88' lang='lat' dir='ltr'><strong>tuis</strong></span> <span class='ocrx_word' id='word_1_83' title='bbox 885 1304 1049 1387; x_wconf 87' lang='lat' dir='ltr'><strong>omnibus,</strong></span> <span class='ocrx_word' id='word_1_84' title='bbox 1084 1308 1199 1376; x_wconf 85' lang='lat' dir='ltr'><strong>tamen</strong></span> 
     </span>
     <span class='ocr_line' id='line_1_14' title="bbox 234 1391 1197 1480; baseline -0.003 -21"><span class='ocrx_word' id='word_1_85' title='bbox 234 1393 447 1480; x_wconf 80' lang='lat' dir='ltr'><strong>Philogenem</strong></span> <span class='ocrx_word' id='word_1_86' title='bbox 470 1397 503 1458; x_wconf 86' lang='lat' dir='ltr'><strong>et</strong></span> <span class='ocrx_word' id='word_1_87' title='bbox 517 1391 626 1458; x_wconf 83' lang='lat' dir='ltr'><strong>Seium</strong></span> <span class='ocrx_word' id='word_1_88' title='bbox 648 1393 777 1477; x_wconf 81' lang='lat' dir='ltr'><strong>tradidi,</strong></span> <span class='ocrx_word' id='word_1_89' title='bbox 797 1392 1108 1478; x_wconf 75' lang='lat' dir='ltr'><strong>Appollonidensem</strong></span> <span class='ocrx_word' id='word_1_90' title='bbox 1132 1391 1197 1456; x_wconf 87' lang='lat' dir='ltr'><strong>Xe·</strong></span> 
     </span>
     <span class='ocr_line' id='line_1_15' title="bbox 235 1481 1196 1548; baseline -0.003 -1"><span class='ocrx_word' id='word_1_91' title='bbox 235 1503 356 1548; x_wconf 89' lang='lat' dir='ltr'><strong>nonem</strong></span> <span class='ocrx_word' id='word_1_92' title='bbox 388 1482 624 1548; x_wconf 83' lang='lat' dir='ltr'><strong>commendavi:</strong></span> <span class='ocrx_word' id='word_1_93' title='bbox 660 1482 792 1548; x_wconf 89' lang='lat' dir='ltr'><strong>omnino</strong></span> <span class='ocrx_word' id='word_1_94' title='bbox 825 1482 935 1547; x_wconf 84' lang='lat' dir='ltr'><strong>omnia</strong></span> <span class='ocrx_word' id='word_1_95' title='bbox 966 1502 1000 1548; x_wconf 87' lang='lat' dir='ltr'><strong>se</strong></span> <span class='ocrx_word' id='word_1_96' title='bbox 1031 1481 1196 1546; x_wconf 73' lang='lat' dir='ltr'><strong>faotuirum</strong></span> 
     </span>
     <span class='ocr_line' id='line_1_16' title="bbox 236 1568 1196 1656; baseline -0.003 -21"><span class='ocrx_word' id='word_1_97' title='bbox 236 1571 365 1656; x_wconf 79' lang='lat' dir='ltr'><strong>recepit</strong></span> <span class='ocrx_word' id='word_1_98' title='bbox 397 1571 470 1655; x_wconf 82' lang='lat' dir='ltr'><strong>Ego</strong></span> <span class='ocrx_word' id='word_1_99' title='bbox 488 1574 654 1656; x_wconf 85' lang='lat' dir='ltr'><strong>praeterea</strong></span> <span class='ocrx_word' id='word_1_100' title='bbox 672 1571 832 1637; x_wconf 87' lang='lat' dir='ltr'><strong>rationem</strong></span> <span class='ocrx_word' id='word_1_101' title='bbox 844 1568 1018 1654; x_wconf 78' lang='lat' dir='ltr'><strong>Philogeni</strong></span> <span class='ocrx_word' id='word_1_102' title='bbox 1033 1573 1196 1653; x_wconf 83' lang='lat' dir='ltr'><strong>permute-</strong></span> 
     </span>
    </p>
   </div>
   <div class='ocr_carea' id='block_1_5' title="bbox 235 1656 1252 1743">
    <p class='ocr_par' dir='ltr' id='par_1_5' title="bbox 235 1656 1252 1743">
     <span class='ocr_line' id='line_1_17' title="bbox 235 1656 1252 1743; baseline -0.001 -21"><span class='ocrx_word' id='word_1_103' title='bbox 235 1659 335 1724; x_wconf 84' lang='lat' dir='ltr'><strong>tionis</strong></span> <span class='ocrx_word' id='word_1_104' title='bbox 366 1659 450 1742; x_wconf 89' lang='lat' dir='ltr'><strong>eius,</strong></span> <span class='ocrx_word' id='word_1_105' title='bbox 482 1680 579 1742; x_wconf 88' lang='lat' dir='ltr'><strong>quam</strong></span> <span class='ocrx_word' id='word_1_106' title='bbox 609 1663 716 1724; x_wconf 83' lang='lat' dir='ltr'><strong>tecum</strong></span> <span class='ocrx_word' id='word_1_107' title='bbox 747 1658 824 1743; x_wconf 86' lang='lat' dir='ltr'><strong>feei,</strong></span> <span class='ocrx_word' id='word_1_108' title='bbox 856 1658 948 1723; x_wconf 88' lang='lat' dir='ltr'><strong>edidi.</strong></span> <span class='ocrx_word' id='word_1_109' title='bbox 993 1657 1083 1743; x_wconf 79' lang='lat' dir='ltr'><strong>Ergo</strong></span> <span class='ocrx_word' id='word_1_110' title='bbox 1114 1656 1196 1722; x_wconf 84' lang='lat' dir='ltr'><strong>haee</strong></span> <span class='ocrx_word' id='word_1_111' title='bbox 1251 1709 1252 1736; x_wconf 67' lang='lat'><strong>,</strong></span> 
     </span>
    </p>
   </div>
   <div class='ocr_carea' id='block_1_6' title="bbox 209 1745 1195 2184">
    <p class='ocr_par' dir='ltr' id='par_1_6' title="bbox 209 1745 1195 2184">
     <span class='ocr_line' id='line_1_18' title="bbox 209 1745 1194 1831; baseline -0.005 -19"><span class='ocrx_word' id='word_1_112' title='bbox 209 1759 364 1831; x_wconf 82' lang='lat' dir='ltr'><strong>⁸quoque</strong></span> <span class='ocrx_word' id='word_1_113' title='bbox 386 1747 553 1814; x_wconf 81' lang='lat' dir='ltr'><strong>haetenus.</strong></span> <span class='ocrx_word' id='word_1_114' title='bbox 595 1747 706 1814; x_wconf 86' lang='lat' dir='ltr'><strong>Redeo</strong></span> <span class='ocrx_word' id='word_1_115' title='bbox 728 1747 770 1811; x_wconf 86' lang='lat' dir='ltr'><strong>ad</strong></span> <span class='ocrx_word' id='word_1_116' title='bbox 792 1746 930 1812; x_wconf 83' lang='lat' dir='ltr'><strong>urbana:</strong></span> <span class='ocrx_word' id='word_1_117' title='bbox 953 1767 1011 1830; x_wconf 84' lang='lat' dir='ltr'><strong>per</strong></span> <span class='ocrx_word' id='word_1_118' title='bbox 1032 1745 1194 1810; x_wconf 75' lang='lat' dir='ltr'><strong>fortunas!</strong></span> 
     </span>
     <span class='ocr_line' id='line_1_19' title="bbox 238 1833 1195 1921; baseline -0.003 -21"><span class='ocrx_word' id='word_1_119' title='bbox 238 1835 392 1918; x_wconf 83' lang='lat' dir='ltr'><strong>quonism</strong></span> <span class='ocrx_word' id='word_1_120' title='bbox 405 1833 528 1900; x_wconf 83' lang='lat' dir='ltr'><strong>Romae</strong></span> <span class='ocrx_word' id='word_1_121' title='bbox 541 1857 662 1921; x_wconf 85' lang='lat' dir='ltr'><strong>manes,</strong></span> <span class='ocrx_word' id='word_1_122' title='bbox 681 1836 821 1920; x_wconf 85' lang='lat' dir='ltr'><strong>primum</strong></span> <span class='ocrx_word' id='word_1_123' title='bbox 834 1835 914 1900; x_wconf 85' lang='lat' dir='ltr'><strong>illud</strong></span> <span class='ocrx_word' id='word_1_124' title='bbox 926 1834 1085 1918; x_wconf 80' lang='lat' dir='ltr'><strong>praehiloi</strong></span> <span class='ocrx_word' id='word_1_125' title='bbox 1098 1837 1195 1918; x_wconf 76' lang='lat' dir='ltr'><strong>etque</strong></span> 
     </span>
     <span class='ocr_line' id='line_1_20' title="bbox 236 1922 1195 2009; baseline -0.002 -21"><span class='ocrx_word' id='word_1_126' title='bbox 236 1923 419 2009; x_wconf 78' lang='lat' dir='ltr'><strong>praemuni,</strong></span> <span class='ocrx_word' id='word_1_127' title='bbox 441 1945 575 2008; x_wconf 82' lang='lat' dir='ltr'><strong>quaeso,</strong></span> <span class='ocrx_word' id='word_1_128' title='bbox 601 1927 639 1988; x_wconf 87' lang='lat' dir='ltr'><strong>ut</strong></span> <span class='ocrx_word' id='word_1_129' title='bbox 661 1925 760 1988; x_wconf 88' lang='lat' dir='ltr'><strong>simus</strong></span> <span class='ocrx_word' id='word_1_130' title='bbox 783 1924 896 2007; x_wconf 86' lang='lat' dir='ltr'><strong>annui,</strong></span> <span class='ocrx_word' id='word_1_131' title='bbox 924 1945 965 1988; x_wconf 87' lang='lat' dir='ltr'><strong>ne</strong></span> <span class='ocrx_word' id='word_1_132' title='bbox 987 1922 1195 1988; x_wconf 77' lang='lat' dir='ltr'><strong>intercaletur</strong></span> 
     </span>
     <span class='ocr_line' id='line_1_21' title="bbox 238 2011 1194 2097; baseline -0.001 -21"><span class='ocrx_word' id='word_1_133' title='bbox 238 2012 381 2097; x_wconf 81' lang='lat' dir='ltr'><strong>quidem3</strong></span> <span class='ocrx_word' id='word_1_134' title='bbox 403 2011 518 2076; x_wconf 86' lang='lat' dir='ltr'><strong>deinde</strong></span> <span class='ocrx_word' id='word_1_135' title='bbox 540 2011 674 2076; x_wconf 81' lang='lat' dir='ltr'><strong>exhauri</strong></span> <span class='ocrx_word' id='word_1_136' title='bbox 696 2034 768 2077; x_wconf 86' lang='lat' dir='ltr'><strong>mea</strong></span> <span class='ocrx_word' id='word_1_137' title='bbox 789 2011 956 2096; x_wconf 82' lang='lat' dir='ltr'><strong>mandata,</strong></span> <span class='ocrx_word' id='word_1_138' title='bbox 985 2011 1194 2094; x_wconf 86' lang='lat' dir='ltr'><strong>maximeque,</strong></span> 
     </span>
     <span class='ocr_line' id='line_1_22' title="bbox 238 2099 1194 2184; baseline -0.003 -19"><span class='ocrx_word' id='word_1_139' title='bbox 238 2101 266 2166; x_wconf 92' lang='lat' dir='ltr'><strong>si</strong></span> <span class='ocrx_word' id='word_1_140' title='bbox 279 2101 357 2184; x_wconf 86' lang='lat' dir='ltr'><strong>quid</strong></span> <span class='ocrx_word' id='word_1_141' title='bbox 379 2103 496 2184; x_wconf 87' lang='lat' dir='ltr'><strong>potest,</strong></span> <span class='ocrx_word' id='word_1_142' title='bbox 518 2100 558 2166; x_wconf 82' lang='lat' dir='ltr'><strong>de</strong></span> <span class='ocrx_word' id='word_1_143' title='bbox 575 2100 632 2166; x_wconf 92' lang='lat' dir='ltr'><strong>illo</strong></span> <span class='ocrx_word' id='word_1_144' title='bbox 647 2099 822 2166; x_wconf 82' lang='lat' dir='ltr'><strong>domestico</strong></span> <span class='ocrx_word' id='word_1_145' title='bbox 836 2100 995 2184; x_wconf 84' lang='lat' dir='ltr'><strong>scrupulo,</strong></span> <span class='ocrx_word' id='word_1_146' title='bbox 1018 2120 1115 2183; x_wconf 89' lang='lat' dir='ltr'><strong>quem</strong></span> <span class='ocrx_word' id='word_1_147' title='bbox 1128 2119 1194 2163; x_wconf 90' lang='lat' dir='ltr'><strong>non</strong></span> 
     </span>
    </p>
   </div>
   <div class='ocr_carea' id='block_1_7' title="bbox 237 2186 1253 2275">
    <p class='ocr_par' dir='ltr' id='par_1_7' title="bbox 237 2186 1253 2275">
     <span class='ocr_line' id='line_1_23' title="bbox 237 2186 1253 2275; baseline -0.004 -21"><span class='ocrx_word' id='word_1_148' title='bbox 237 2189 384 2275; x_wconf 80' lang='lat' dir='ltr'><strong>ignoras,</strong></span> <span class='ocrx_word' id='word_1_149' title='bbox 424 2188 498 2252; x_wconf 89' lang='lat' dir='ltr'><strong>dein</strong></span> <span class='ocrx_word' id='word_1_150' title='bbox 535 2187 574 2252; x_wconf 85' lang='lat' dir='ltr'><strong>de</strong></span> <span class='ocrx_word' id='word_1_151' title='bbox 606 2186 756 2272; x_wconf 78' lang='lat' dir='ltr'><strong>Caesare,</strong></span> <span class='ocrx_word' id='word_1_152' title='bbox 792 2189 882 2253; x_wconf 89' lang='lat' dir='ltr'><strong>ouius</strong></span> <span class='ocrx_word' id='word_1_153' title='bbox 918 2189 953 2252; x_wconf 92' lang='lat' dir='ltr'><strong>in</strong></span> <span class='ocrx_word' id='word_1_154' title='bbox 984 2187 1193 2271; x_wconf 79' lang='lat' dir='ltr'><strong>cupiditatem</strong></span> <span class='ocrx_word' id='word_1_155' title='bbox 1252 2243 1253 2266; x_wconf 25' lang='grc' dir='ltr'>Ξ</span> 
     </span>
    </p>
   </div>
   <div class='ocr_carea' id='block_1_8' title="bbox 236 2275 1193 2891">
    <p class='ocr_par' dir='ltr' id='par_1_8' title="bbox 236 2275 1193 2891">
     <span class='ocr_line' id='line_1_24' title="bbox 236 2275 1193 2362; baseline -0.004 -20"><span class='ocrx_word' id='word_1_156' title='bbox 236 2280 270 2342; x_wconf 90' lang='lat' dir='ltr'><strong>te</strong></span> <span class='ocrx_word' id='word_1_157' title='bbox 298 2280 428 2342; x_wconf 81' lang='lat' dir='ltr'><strong>auctore</strong></span> <span class='ocrx_word' id='word_1_158' title='bbox 454 2276 587 2342; x_wconf 76' lang='lat' dir='ltr'><strong>incubui</strong></span> <span class='ocrx_word' id='word_1_159' title='bbox 618 2297 678 2340; x_wconf 89' lang='lat' dir='ltr'><strong>neo</strong></span> <span class='ocrx_word' id='word_1_160' title='bbox 700 2298 752 2341; x_wconf 89' lang='lat' dir='ltr'><strong>me</strong></span> <span class='ocrx_word' id='word_1_161' title='bbox 778 2277 881 2362; x_wconf 81' lang='lat' dir='ltr'><strong>piget3</strong></span> <span class='ocrx_word' id='word_1_162' title='bbox 908 2280 954 2360; x_wconf 91' lang='lat' dir='ltr'><strong>et,</strong></span> <span class='ocrx_word' id='word_1_163' title='bbox 980 2276 1008 2339; x_wconf 90' lang='lat' dir='ltr'><strong>si</strong></span> <span class='ocrx_word' id='word_1_164' title='bbox 1030 2275 1193 2360; x_wconf 80' lang='lat' dir='ltr'><strong>intelligis,</strong></span> 
     </span>
     <span class='ocr_line' id='line_1_25' title="bbox 238 2363 1193 2449; baseline -0.001 -21"><span class='ocrx_word' id='word_1_165' title='bbox 238 2386 336 2448; x_wconf 92' lang='lat' dir='ltr'><strong>quam</strong></span> <span class='ocrx_word' id='word_1_166' title='bbox 358 2386 465 2429; x_wconf 90' lang='lat' dir='ltr'><strong>meum</strong></span> <span class='ocrx_word' id='word_1_167' title='bbox 487 2365 530 2429; x_wconf 90' lang='lat' dir='ltr'><strong>sit</strong></span> <span class='ocrx_word' id='word_1_168' title='bbox 552 2365 632 2428; x_wconf 85' lang='lat' dir='ltr'><strong>seire</strong></span> <span class='ocrx_word' id='word_1_169' title='bbox 656 2367 689 2428; x_wconf 87' lang='lat' dir='ltr'><strong>et</strong></span> <span class='ocrx_word' id='word_1_170' title='bbox 710 2386 830 2449; x_wconf 83' lang='lat' dir='ltr'><strong>curare,</strong></span> <span class='ocrx_word' id='word_1_171' title='bbox 853 2364 929 2448; x_wconf 88' lang='lat' dir='ltr'><strong>quid</strong></span> <span class='ocrx_word' id='word_1_172' title='bbox 951 2364 987 2429; x_wconf 87' lang='lat' dir='ltr'><strong>in</strong></span> <span class='ocrx_word' id='word_1_173' title='bbox 1009 2385 1043 2430; x_wconf 89' lang='lat' dir='ltr'><strong>re</strong></span> <span class='ocrx_word' id='word_1_174' title='bbox 1066 2363 1193 2447; x_wconf 86' lang='lat' dir='ltr'><strong>publiea</strong></span> 
     </span>
     <span class='ocr_line' id='line_1_26' title="bbox 237 2450 1192 2536; baseline -0.002 -20"><span class='ocrx_word' id='word_1_175' title='bbox 237 2452 296 2517; x_wconf 87' lang='lat' dir='ltr'><strong>fiet</strong></span> <span class='ocrx_word' id='word_1_176' title='bbox 312 2488 359 2498; x_wconf 89' lang='lat'><strong>—-</strong></span> <span class='ocrx_word' id='word_1_177' title='bbox 376 2452 435 2516; x_wconf 86' lang='lat' dir='ltr'><strong>fiat</strong></span> <span class='ocrx_word' id='word_1_178' title='bbox 457 2452 587 2518; x_wconf 78' lang='lat' dir='ltr'><strong>autem?</strong></span> <span class='ocrx_word' id='word_1_179' title='bbox 609 2451 708 2518; x_wconf 90' lang='lat' dir='ltr'><strong>immo</strong></span> <span class='ocrx_word' id='word_1_180' title='bbox 731 2474 806 2519; x_wconf 83' lang='lat' dir='ltr'><strong>vero</strong></span> <span class='ocrx_word' id='word_1_181' title='bbox 830 2453 928 2518; x_wconf 87' lang='lat' dir='ltr'><strong>etiam</strong></span> <span class='ocrx_word' id='word_1_182' title='bbox 950 2450 1027 2536; x_wconf 85' lang='lat' dir='ltr'><strong>quid</strong></span> <span class='ocrx_word' id='word_1_183' title='bbox 1048 2451 1192 2516; x_wconf 83' lang='lat' dir='ltr'><strong>futurum</strong></span> 
     </span>
     <span class='ocr_line' id='line_1_27' title="bbox 238 2539 1190 2626; baseline -0.003 -21"><span class='ocrx_word' id='word_1_184' title='bbox 238 2540 294 2623; x_wconf 85' lang='lat' dir='ltr'><strong>sit,</strong></span> <span class='ocrx_word' id='word_1_185' title='bbox 320 2540 481 2624; x_wconf 80' lang='lat' dir='ltr'><strong>perscribe</strong></span> <span class='ocrx_word' id='word_1_186' title='bbox 504 2541 545 2606; x_wconf 85' lang='lat' dir='ltr'><strong>ad</strong></span> <span class='ocrx_word' id='word_1_187' title='bbox 567 2562 618 2605; x_wconf 88' lang='lat' dir='ltr'><strong>me</strong></span> <span class='ocrx_word' id='word_1_188' title='bbox 641 2541 763 2625; x_wconf 88' lang='lat' dir='ltr'><strong>omnia,</strong></span> <span class='ocrx_word' id='word_1_189' title='bbox 790 2540 846 2605; x_wconf 87' lang='lat' dir='ltr'><strong>sed</strong></span> <span class='ocrx_word' id='word_1_190' title='bbox 869 2539 1114 2626; x_wconf 79' lang='lat' dir='ltr'><strong>diligentissime</strong></span> <span class='ocrx_word' id='word_1_191' title='bbox 1136 2540 1190 2602; x_wconf 93' lang='lat' dir='ltr'><strong>im·</strong></span> 
     </span>
     <span class='ocr_line' id='line_1_28' title="bbox 237 2627 1191 2713; baseline -0.001 -21"><span class='ocrx_word' id='word_1_192' title='bbox 237 2627 427 2712; x_wconf 88' lang='lat' dir='ltr'><strong>primisque,</strong></span> <span class='ocrx_word' id='word_1_193' title='bbox 458 2629 572 2713; x_wconf 85' lang='lat' dir='ltr'><strong>ecquid</strong></span> <span class='ocrx_word' id='word_1_194' title='bbox 602 2627 793 2694; x_wconf 85' lang='lat' dir='ltr'><strong>iudiciorum</strong></span> <span class='ocrx_word' id='word_1_195' title='bbox 820 2629 924 2693; x_wconf 84' lang='lat' dir='ltr'><strong>stutus</strong></span> <span class='ocrx_word' id='word_1_196' title='bbox 951 2632 1008 2692; x_wconf 89' lang='lat' dir='ltr'><strong>aut</strong></span> <span class='ocrx_word' id='word_1_197' title='bbox 1033 2627 1191 2692; x_wconf 84' lang='lat' dir='ltr'><strong>factorum</strong></span> 
     </span>
     <span class='ocr_line' id='line_1_29' title="bbox 238 2715 1191 2800; baseline -0.001 -19"><span class='ocrx_word' id='word_1_198' title='bbox 238 2719 297 2781; x_wconf 82' lang='lat' dir='ltr'><strong>aut</strong></span> <span class='ocrx_word' id='word_1_199' title='bbox 324 2717 508 2782; x_wconf 83' lang='lat' dir='ltr'><strong>futurorum</strong></span> <span class='ocrx_word' id='word_1_200' title='bbox 535 2717 634 2782; x_wconf 86' lang='lat' dir='ltr'><strong>etism</strong></span> <span class='ocrx_word' id='word_1_201' title='bbox 661 2717 796 2784; x_wconf 83' lang='lat' dir='ltr'><strong>laboret.</strong></span> <span class='ocrx_word' id='word_1_202' title='bbox 838 2715 889 2782; x_wconf 91' lang='lat' dir='ltr'><strong>De</strong></span> <span class='ocrx_word' id='word_1_203' title='bbox 915 2737 1013 2800; x_wconf 79' lang='lat' dir='ltr'><strong>aque,</strong></span> <span class='ocrx_word' id='word_1_204' title='bbox 1044 2716 1073 2780; x_wconf 87' lang='lat' dir='ltr'><strong>si</strong></span> <span class='ocrx_word' id='word_1_205' title='bbox 1100 2735 1191 2780; x_wconf 78' lang='lat' dir='ltr'><strong>ouras</strong></span> 
     </span>
     <span class='ocr_line' id='line_1_30' title="bbox 238 2802 1014 2891; baseline 0 -21"><span class='ocrx_word' id='word_1_206' title='bbox 238 2808 301 2888; x_wconf 88' lang='lat' dir='ltr'><strong>est,</strong></span> <span class='ocrx_word' id='word_1_207' title='bbox 324 2804 352 2869; x_wconf 85' lang='lat' dir='ltr'><strong>si</strong></span> <span class='ocrx_word' id='word_1_208' title='bbox 374 2803 451 2888; x_wconf 90' lang='lat' dir='ltr'><strong>quid</strong></span> <span class='ocrx_word' id='word_1_209' title='bbox 472 2802 641 2890; x_wconf 88' lang='lat' dir='ltr'><strong>Philippus</strong></span> <span class='ocrx_word' id='word_1_210' title='bbox 664 2809 749 2891; x_wconf 79' lang='lat' dir='ltr'><strong>aget,</strong></span> <span class='ocrx_word' id='word_1_211' title='bbox 771 2803 1014 2870; x_wconf 81' lang='lat' dir='ltr'><strong>animadvertes</strong></span> 
     </span>
    </p>
   </div>
   <div class='ocr_carea' id='block_1_9' title="bbox 237 2994 1191 3210">
    <p class='ocr_par' dir='ltr' id='par_1_9' title="bbox 237 2994 1191 3210">
     <span class='ocr_line' id='line_1_31' title="bbox 309 2994 1189 3067; baseline -0.002 -17"><span class='ocrx_word' id='word_1_212' title='bbox 309 2994 1189 3067; x_wconf 50' lang='lat' dir='ltr'><strong>Ep.13,.1qaidadteatt...„q?(tleh)‚studmot‘om</strong></span> 
     </span>
     <span class='ocr_line' id='line_1_32' title="bbox 237 3014 1191 3137; baseline 0 -17"><span class='ocrx_word' id='word_1_213' title='bbox 237 3065 270 3120; x_wconf 89' lang='lat' dir='ltr'><strong>B</strong></span> <span class='ocrx_word' id='word_1_214' title='bbox 301 3067 566 3122; x_wconf 72' lang='lat' dir='ltr'><strong>omontmeadeo</strong></span> <span class='ocrx_word' id='word_1_215' title='bbox 595 3067 670 3136; x_wconf 61' lang='lat' dir='ltr'><strong>(W).</strong></span> <span class='ocrx_word' id='word_1_216' title='bbox 705 3068 792 3124; x_wconf 79' lang='lat' dir='ltr'><strong>nD</strong></span> <span class='ocrx_word' id='word_1_217' title='bbox 816 3014 931 3137; x_wconf 85' lang='lat' dir='ltr'><strong>Ohvet</strong></span> <span class='ocrx_word' id='word_1_218' title='bbox 958 3067 990 3122; x_wconf 90' lang='lat' dir='ltr'>B</span> <span class='ocrx_word' id='word_1_219' title='bbox 1045 3067 1191 3122; x_wconf 59' lang='lat' dir='ltr'><strong>nomio</strong></span> 
     </span>
     <span class='ocr_line' id='line_1_33' title="bbox 238 3135 1190 3210; baseline 0.002 -20"><span class='ocrx_word' id='word_1_220' title='bbox 238 3139 349 3192; x_wconf 75' lang='lat' dir='ltr'><strong>munim</strong></span> <span class='ocrx_word' id='word_1_221' title='bbox 367 3135 453 3207; x_wconf 78' lang='lat' dir='ltr'><strong>(W.)?</strong></span> <span class='ocrx_word' id='word_1_222' title='bbox 475 3138 681 3194; x_wconf 67' lang='lat' dir='ltr'><strong>omniaomnia</strong></span> <span class='ocrx_word' id='word_1_223' title='bbox 698 3139 735 3193; x_wconf 83' lang='lat' dir='ltr'><strong>M.</strong></span> <span class='ocrx_word' id='word_1_224' title='bbox 754 3136 897 3194; x_wconf 69' lang='lat' dir='ltr'><strong>mean.</strong></span> <span class='ocrx_word' id='word_1_225' title='bbox 939 3144 964 3193; x_wconf 93' lang='grc'><strong>3.</strong></span> <span class='ocrx_word' id='word_1_226' title='bbox 991 3137 1190 3210; x_wconf 65' lang='lat' dir='ltr'><strong>delineationem</strong></span> 
     </span>
    </p>
   </div>
   <div class='ocr_carea' id='block_1_10' title="bbox 238 3207 558 3278">
    <p class='ocr_par' dir='ltr' id='par_1_10' title="bbox 238 3207 558 3278">
     <span class='ocr_line' id='line_1_34' title="bbox 238 3207 558 3278; baseline 0.01 -18"><span class='ocrx_word' id='word_1_227' title='bbox 238 3207 558 3278; x_wconf 65' lang='lat' dir='ltr'><strong>s...,(w)u·..vu120</strong></span> 
     </span>
    </p>
   </div>
   <div class='ocr_carea' id='block_1_11' title="bbox 0 0 1266 3960">
    <p class='ocr_par' dir='ltr' id='par_1_11' title="bbox 0 0 1266 3960">
     <span class='ocr_line' id='line_1_35' title="bbox 0 0 1266 3960; baseline 0 1"><span class='ocrx_word' id='word_1_228' title='bbox 0 0 1266 3960; x_wconf 95' lang='lat' dir='ltr'><strong> </strong></span> 
     </span>
    </p>
   </div>
  </div>
 </body>
</html>
