2608 3972
262 252 522 310 EPISTOEARUH
538 253 589 312 Μ)
604 253 774 312 ΔἮΙΒΠΜ
790 256 824 310 Π.
843 263 868 311 a
887 264 912 312 9.
1019 255 1062 322 61

102 419 185 481 enno,
209 399 248 462 ut
267 397 353 462 neiat
371 396 428 462 hio
449 400 562 462 noster
584 396 875 482 Hierosolymarius
897 400 1064 466 traductor

101 486 144 552 ad
158 485 299 570 plebem,
321 507 420 570 quarn
434 485 557 552 honam
570 486 650 552 meio
672 487 850 571 putimimir
864 488 1063 554 orationibus

102 574 246 661 gratiam
266 573 597 658 rettulerit,u1uarum
619 577 769 660 asprata
787 575 929 642 divinam
948 581 1063 642 auteu-

103 663 226 750 ῳδίανε
257 662 391 746 etenim,
413 665 571 747 quantum
594 662 779 730 coniectura
800 684 1006 750 auguramur,
1035 665 1064 729 si

105 750 168 815 erit
193 749 315 815 nebulo
342 749 404 814 iste
432 770 505 815 oum
532 751 584 815 his
612 750 757 835 dynastia
784 751 820 816 in
847 753 965 837 gratia,
995 774 1064 818 non

103 838 199 904 modo
224 838 264 902 de
287 838 400 923 oynieo
423 839 599 923 oonsulari,
628 839 683 904 sed
710 861 751 904 ne
778 839 818 904 de
840 839 912 905 tetis
933 837 1063 924 quidem

103 927 302 1028 piscinarum
325 925 516 1029 Tritonibua
535 927 713 1030 poteritne
735 928 865 1030 iactare,
886 949 955 1030 non
977 930 1063 994 enirn

102 1015 542 1188 tdtttttho'hss?
557 1015 865 1168 attondet
888 1015 1065 1189 etthi

104 1191 167 1256 erit
188 1190 365 1256 absurdum
387 1192 423 1258 in
445 1213 506 1257 nos
526 1191 644 1257 inuehi.
678 1189 911 1256 Verumtamen
932 1191 1064 1258 inveha-

102 1283 171 1344 tur:
205 1279 339 1364 festive,
369 1280 580 1365 mihicrede,
611 1282 644 1344 et
664 1280 790 1346 minore
813 1281 934 1364 sonitu,
967 1302 1064 1366 quam

101 1372 269 1452 putaram,
305 1367 391 1433 orbis
422 1367 476 1433 hio
505 1367 543 1432 in
573 1389 608 1434 re
638 1368 770 1453 publiea
801 1372 850 1434 eet
881 1390 1064 1456 conuersus,

104 1457 200 1522 eitius
215 1457 358 1541 omnino,
372 1478 469 1540 quam
484 1457 636 1543 oportuit,
657 1457 679 1536 †
692 1456 726 1521 id
740 1457 835 1542 eulpa
851 1455 994 1542 Catonia,
1007 1456 1064 1523 sed

101 1565 216 1611 rursus
235 1545 443 1628 improbitate
455 1545 603 1628 istorum
625 1545 680 1629 qui
694 1545 846 1630 auspicia,
868 1544 1063 1630 quinetiam

104 1631 221 1718 legem,
253 1633 309 1718 qui
335 1631 464 1698 Iuniam
496 1636 529 1698 et
555 1630 726 1718 Liciniam,
757 1634 813 1718 qui
835 1631 1007 1700 Caeciliam
1031 1637 1065 1700 et

102 1716 237 1786 Didiam
253 1722 479 1807 neglexerunt,
502 1722 558 1806 qui
572 1722 680 1787 omnia
693 1721 834 1788 remedia
846 1723 893 1787 rei
915 1721 1063 1808 publicae

104 1809 298 1894 effuderunt,
321 1809 376 1894 qui
399 1830 509 1895 regna,
530 1810 552 1890 †
575 1811 632 1896 qui
652 1809 784 1894 praedia
805 1811 985 1895 tetrarchis,
1008 1811 1064 1896 qui

102 1898 571 2051 tttt⁶⁸etttt³⁸0t³ttt⁵
587 1897 878 2051 didifiditdssffl
896 1899 1090 2053 hadid?

103 2073 298 2139 existimaris
329 2095 433 2159 neque
465 2096 526 2139 usu
558 2095 662 2158 neque
686 2096 706 2138 a
728 2073 953 2159 Theophrasto
983 2075 1061 2140 didi·

103 2162 195 2247 cisse,
214 2161 282 2228 :nisi
303 2162 393 2226 breui
414 2165 559 2246 tempore
573 2162 747 2228 desiderum
768 2165 882 2230 nostra
903 2163 960 2231 iila
982 2165 1063 2228 tern-

101 2271 185 2336 pore
198 2250 328 2316 viderie:
352 2250 481 2334 etenim,
505 2250 532 2314 si
545 2250 609 2315 fuit
620 2250 781 2315 invidiosa
795 2253 926 2314 senatus
948 2254 1062 2334 poten·

101 2339 160 2424 tia,
182 2359 283 2423 quum
305 2360 343 2403 ea
365 2360 432 2403 non
449 2338 490 2402 ad
512 2339 677 2424 populum,
701 2337 757 2402 sed
771 2337 892 2402 adtres
913 2337 1061 2404 homines

101 2427 333 2494 immoderatos
368 2428 488 2492 tralata
529 2427 584 2510 sit,
624 2426 777 2511 quidnam
819 2447 930 2492 oeneea
967 2426 1062 2492 fore?

102 2514 244 2582 Proinde
274 2514 330 2580 isti
361 2515 437 2580 lieet
467 2515 605 2598 faciant,
637 2536 717 2599 quos
749 2515 871 2598 volent,
905 2517 1062 2601 tonnulae,

102 2603 252 2668 tribunos
268 2604 327 2711 pl„
350 2603 486 2686 denique
509 2603 608 2668 etiam
630 2601 755 2668 Vatinii
779 2605 935 2668 strumam
959 2625 1061 2670 saeer-

102 2692 185 2758 dotii
199 2692 332 2779 ὃιβαφῳ
344 2692 499 2757 vestiant:
523 2690 645 2756 videbis
663 2691 753 2756 brevi
766 2693 910 2776 tempore
921 2713 1060 2778 magnos

101 2801 172 2846 non
193 2778 290 2845 modo
312 2801 381 2864 eos,
404 2779 459 2864 qui
477 2779 560 2844 nihil
573 2779 764 2860 titubarunt,
788 2779 844 2844 red
858 2780 955 2846 etiam
968 2781 1060 2847 illum

100 2868 224 2954 ipsum,
255 2868 311 2952 qui
336 2868 495 2953 peccavit,
526 2866 691 2934 Catonem.
727 2865 813 2934 Nam
840 2889 900 2934 nos
923 2869 1087 2953 quidemst

173 3095 196 3149 Ε
220 3138 225 3148 .
245 3103 271 3165 9,
291 3103 314 3151 1.
345 3097 378 3150 e'n
395 3097 505 3151 inuidia
524 3097 565 3164 (Ι.,
584 3113 606 3149 o.
626 3111 654 3150 o:
673 3095 710 3165 0.,
729 3095 765 3162 h,
784 3095 802 3149 1.
822 3111 850 3148 o:
869 3095 917 3162 Z.).
949 3094 1009 3148 Om.
1025 3094 1060 3148 in

100 3165 179 3234 MR„
196 3114 276 3234 hu„
296 3183 320 3221 a.
339 3168 372 3220 iu
389 3166 532 3222 inclinatio
550 3165 627 3236 typis
646 3166 677 3220 Β.
704 3196 737 3206 -
770 3165 837 3233 †id
855 3165 937 3232 eulpa
955 3163 1059 3232 (Mer,

101 3236 207 3305 aolh.).
227 3242 252 3291 et
269 3237 301 3291 td
319 3253 340 3292 e.
360 3236 490 3306 (Bentiv.)
510 3239 560 3291 aut
577 3237 658 3306 idque
671 3253 693 3290 o.
712 3236 779 3303 (W.)
798 3237 848 3288 aut
863 3251 885 3288 o.
904 3233 988 3301 (Bru,
1007 3233 1057 3302 Β.).

99 3321 244 3374 -roorea
262 3305 281 3368 †
298 3306 348 3375 qui
359 3307 482 3375 praedio
498 3311 519 3362 t.
537 3307 611 3376 (W.).
627 3324 660 3372 r.,
678 3307 727 3376 qui
744 3304 914 3369 tetrarchiae,
940 3305 990 3372 qui
1010 3320 1057 3372 pr.

101 3377 158 3446 (W.
174 3385 187 3432 t
205 3395 239 3443 r„
257 3377 306 3447 qui
319 3379 365 3445 pr.
385 3375 468 3448 [totu]
489 3377 574 3444 (W.)?
601 3378 650 3446 qui
666 3394 699 3444 r.,
713 3376 815 3445 populi
831 3374 953 3428 Romani
965 3390 1021 3444 pr„
1039 3379 1057 3430 t.

100 3447 159 3516 (Or.
175 3454 188 3502 r
206 3465 241 3514 u,
258 3448 308 3516 qui
316 3449 418 3516 populi
430 3447 466 3502 R.
476 3464 523 3516 pr.
537 3452 556 3502 t.
570 3447 645 3516 Ern,
659 3445 690 3502 B.
709 3464 732 3500 r.
742 3447 823 3516 quaa
831 3461 877 3514 pr.
892 3449 911 3498 t.
926 3445 1058 3513 (notzer

102 3522 126 3572 ἱ.
144 3519 237 3586 ordeo,
255 3517 314 3574 ium
331 3534 384 3588 quo
402 3518 487 3588 (W.)?
513 3547 547 3559 -
571 3518 677 3572 hulmo
699 3515 748 3589 (9.,
765 3517 805 3584 1.).
831 3517 943 3572 reducta
964 3517 1058 3587 vulgo.

101 3589 139 3645 ud
151 3590 291 3661 popum
308 3589 426 3655 nazara,
445 3588 490 3644 aad
581 3591 694 3648 reducto
711 3587 796 3656 (Μ
