2522 3960
191 229 454 285 EPISTOLARUM
472 229 521 283 AD
540 227 705 284 eunoun
721 228 768 284 VI.
788 235 813 284 6.
833 234 857 284 l.
938 227 1006 292 215

51 373 125 440 bene
150 376 212 440 eibi
235 375 363 439 fidens?
386 375 441 458 qui
464 377 549 438 esset
568 373 682 439 dolor?
703 395 800 458 quem
822 378 916 460 pater
937 395 1006 440 non

51 463 229 528 dimittebat
259 468 356 546 teque
387 463 421 527 id
452 483 581 528 densere
613 463 746 528 moleste
782 463 915 528 ferebat
960 460 1007 526 At

51 572 132 615 nuno
153 549 297 636 (laelius,
324 570 393 616 non
415 550 487 615 dieo
510 550 671 635 equidem,
703 550 780 634 quid
802 551 918 703 eqerit,
950 549 1006 614 sed

52 645 155 704 tamen
176 641 281 706 multo
304 640 412 704 minus
434 639 556 705 laboro.
592 637 685 704 Adde
707 637 801 703 illud:
852 638 1006 724 ompeius,

53 749 85 792 eo
107 728 224 795 robore
247 728 306 811 vir,
320 729 368 792 'iis
390 727 564 811 radicibus,
596 726 633 803 Q.
656 725 803 792 Cassium
826 726 895 792 eine
919 730 1006 792 sorte

53 816 179 903 delegit,
208 814 328 883 Caesar
350 815 543 881 Antonium:
580 835 640 902 ego
664 819 750 881 sorte
773 815 885 880 datum
908 814 1006 880 offen·

54 905 162 990 dorem,
176 908 217 970 nt
229 905 328 970 etiam
340 905 517 988 inquireret
529 905 566 968 in
579 925 662 989 eum,
675 925 771 988 quem
784 902 1007 988 reliquissem?

54 992 118 1058 Hoe
140 994 271 1077 melius,
303 995 336 1058 et
357 993 453 1058 huius
475 993 521 1058 rei
543 993 638 1077 plura
661 994 819 1078 exempla,
850 991 1008 1056 seneotuti

56 1082 177 1164 quidem
200 1084 331 1147 nostrae
360 1081 506 1166 protento
530 1081 645 1165 aptius.
690 1079 739 1146 Ae
761 1085 794 1146 te
817 1081 903 1165 apud
926 1101 1008 1164 eum,

56 1167 86 1233 di
104 1170 196 1237 boni!
220 1172 343 1255 quanta
364 1170 400 1234 in
423 1171 530 1255 gratia
551 1170 659 1254 posui,
682 1170 773 1255 eique
795 1169 862 1255 legi
883 1169 1008 1234 litteras

57 1279 118 1322 non
138 1263 227 1343 tuae,
257 1257 314 1323 sed
340 1257 464 1323 librarii
491 1258 548 1324 tui.
592 1257 780 1324 Amicorum
806 1256 934 1322 litterae
956 1277 1008 1321 me

58 1345 94 1410 ad
114 1346 314 1432 triumphum
336 1349 463 1430 vocant,
485 1367 553 1411 rem
567 1346 704 1433 anobis,
726 1349 763 1411 ut
776 1367 837 1432 ego
861 1345 1009 1431 arbitror,

57 1439 165 1586 tit
162 1435 289 1608 {13¹⁰
282 1437 819 1607 ..littlrlffillltttrr
826 1435 1008 1607 iiiiii

131 1571 142 1587 .
469 1573 478 1607 r
667 1573 677 1608 r
999 1571 1009 1608 r

59 1633 117 1693 quo
140 1633 197 1678 nos
219 1611 327 1676 minus
350 1612 452 1696 inepti
474 1611 647 1677 videamur.

492 1787 566 1853 VII.

158 1907 213 1964 Ser.
234 1909 316 1964 Tarsi
333 1907 425 1964 medio
443 1925 538 1964 mense
557 1908 691 1974 Quinetili
708 1895 733 1962 a
753 1925 780 1963 n.
798 1923 823 1964 o.
843 1915 903 1964 704.
1035 1911 1037 1916 ’

330 2013 459 2069 CICERO
478 2013 628 2069 ATTICO
646 2012 730 2070 SAL.

123 2122 156 2200 Q.
181 2125 267 2190 filius
294 2125 347 2209 pie
370 2145 448 2190 sane
470 2160 514 2170 -
536 2143 588 2188 me
611 2122 741 2206 quidem
763 2124 848 2187 corte
871 2121 1037 2186 multumr

65 2208 211 2298 hortante,
235 2212 291 2278 sed
305 2215 487 2277 currentem
501 2211 701 2280 —animum
724 2211 826 2295 patris
844 2210 894 2276 sui
907 2208 1012 2274 sorori

65 2301 131 2364 tuae
159 2300 392 2384 reconciliavit,
424 2321 498 2365 enm
529 2300 621 2365 valde
654 2299 752 2365 etiam
782 2301 857 2364 tuae
885 2298 1011 2362 litterae

66 2389 245 2454 excitarunt:
277 2389 353 2474 quid
377 2387 526 2473 quaeris?
549 2388 774 2472 confiderem,
795 2389 833 2452 ut
854 2387 1013 2470 volumus,

67 2495 134 2541 esse.
173 2477 231 2542 Bis
255 2478 296 2542 ad
325 2480 357 2542 te
382 2480 478 2542 antea
501 2476 615 2561 scripsi
638 2476 676 2540 de
699 2497 772 2543 mea
794 2497 828 2542 re
850 2474 1013 2558 familiari,

68 2563 92 2625 si
110 2566 198 2632 nodo
225 2565 288 2632 tibi
313 2566 456 2630 redditae
483 2564 610 2629 litterae
638 2567 728 2648 sunt,
759 2562 879 2629 Graece
903 2561 940 2628 ἐν
963 2564 1013 2628 αἰ-

68 2663 193 2736 νιγμοῖς.
233 2652 363 2720 Seilioet
388 2653 471 2720 nihil
498 2657 549 2718 est
578 2652 786 2736 movendum3
818 2651 874 2718 sed
902 2654 1014 2716 tamen

69 2731 183 2822 ἀφελῶς
212 2743 433 2828 percontando
464 2743 502 2808 cle
527 2740 714 2806 nominibus
735 2739 868 2806 Milonis
898 2743 946 2824 et,
977 2743 1014 2805 ut

70 2830 210 2916 expediat,
232 2834 271 2896 nt
292 2831 372 2896 mihi
394 2830 530 2914 recepit,
552 2828 713 2896 hortando
737 2828 858 2912 aliquid
881 2830 917 2892 tu
940 2848 1013 2911 pro·

69 2914 151 2984 ficies.
195 2919 270 3006 Ego
302 2919 479 2986 Laodiceae
506 2919 709 3002 quaestorem
737 2915 930 2982 Mescinium
961 2933 1040 2980 err-2

71 3009 207 3086 speetare‘
220 3007 310 3092 iussi,
332 3011 370 3073 ut
391 3007 555 3074 oondeotas
577 3006 719 3072 rationes
739 3006 811 3090 lege
825 3005 910 3070 Iulia
928 3003 1015 3089 apud

70 3089 137 3160 duas
171 3097 317 3170 eivitatee
354 3117 483 3180 possem
518 3095 707 3196 relinquere.
751 3093 903 3158 Rhodum
939 3094 1014 3195 volq

71 3180 1016 3355 {titutaituiilaitfftttutltntnttitdiffiderit

128 3427 176 3498 Ep.
197 3435 229 3498 6,
251 3434 278 3483 4.
297 3428 340 3482 Ao
362 3431 388 3482 te
412 3427 468 3496 (W.
493 3426 574 3497 conj,
598 3429 630 3480 nt
654 3425 724 3494 BL).
743 3431 806 3494 apte
823 3427 861 3482 Μ.
879 3429 919 3482 At
937 3435 1013 3499 tea,

73 3495 150 3566 vulgo.
184 3499 234 3569 Ep.
255 3505 280 3554 7.
301 3505 324 3553 1.
343 3498 421 3552 valde
439 3499 520 3551 etiam
538 3503 602 3550 tuoe
621 3496 697 3564 (cdd.
710 3495 796 3566 nm).
814 3513 839 3551 o.
858 3515 899 3552 me
911 3504 936 3553 te
954 3501 1014 3568 Me,

73 3564 262 3637 lq.o.t.M1,
280 3569 341 3623 RB.
377 3575 401 3622 2.
420 3569 467 3623 aed
480 3569 567 3636 plane
579 3567 639 3620 volo
658 3565 711 3635 (2.,
729 3567 829 3636 A.‚1‹¹.‚
849 3567 954 3639 Caroli,
972 3572 1014 3640 Ι.).

72 3637 109 3690 red
122 3654 144 3691 o.
161 3639 279 3709 MRqB.
316 3638 463 3694 Exciditne
481 3639 520 3693 ad
537 3638 631 3692 urbem
647 3638 739 3690 venire
758 3638 804 3705 (W
807 3639 846 3707 .)?
