2510 3958
198 232 457 289 EPISTOLARUM
473 231 524 288 AD
542 231 706 288 ATTICUM
724 233 785 288 VII.
804 239 918 288 22-24.
967 231 1033 301 259

9 421 10 424 =
90 379 212 444 itonam
233 377 450 461 mittebam,
472 376 529 442 sed
550 376 630 441 mihi
648 377 786 442 venitin
799 381 940 442 mentem
953 378 1033 443 mul·

89 471 147 530 tun
159 467 227 532 fore
242 487 424 532 sermonem
437 486 489 529 me
502 465 655 529 iudicium
668 466 733 529 iam
747 465 786 530 de
796 487 893 530 eausa
906 466 1036 550 publiea

8 567 10 596 ³
88 555 197 639 fecisse,
220 577 284 639 qua
299 554 469 639 desperata
482 553 574 637 quasi
586 553 674 620 hunc
687 553 823 638 gradum
836 554 899 621 mei
912 554 1035 620 reditus

87 663 155 727 esse,
176 643 263 726 quod
285 643 436 709 mulieres
449 641 666 710 revertissent.
693 640 743 710 De
757 662 807 705 me
831 646 940 707 autem
961 642 1034 727 ipso

86 731 138 795 tibi
158 731 330 820 assentior,
361 752 403 795 ne
430 751 482 794 me
511 730 585 795 dem
607 731 748 794 incertae
776 733 809 794 et
860 730 1035 796 erieulosae

86 818 181 906 fugae,
194 841 296 904 quum
308 819 356 885 rei
369 818 516 903 publicae
530 817 613 886 nibil
626 819 757 902 prosim,
775 753 859 886 nihi
871 817 1035 905 Pompeio,

86 929 137 990 pro
165 929 230 992 quo
263 909 364 972 emori
392 929 491 991 quum
521 907 574 1000 pie
605 927 750 993 possum,
781 909 852 970 tum
882 906 1034 980 libenter:

86 996 211 1061 manebo
235 995 351 1082 igitur²
381 995 443 1059 etsi
464 995 570 1060 virere
593 1031 645 1057 —.
666 993 784 1146 ᾠέωά
811 994 951 1150 pacatis,
981 994 1034 1059 hic

86 1083 153 1166 quid
174 1087 301 1168 agatur,
320 1086 392 1148 tota
405 1081 517 1167 Capua
540 1085 573 1146 et
594 1104 683 1147 omni
736 1082 766 1147 ic
780 1082 819 1146 de
832 1085 923 1146 aetus
943 1082 1036 1167 iacet,

86 1171 245 1256 desperata
257 1192 309 1238 res
323 1175 381 1254 est,
404 1172 439 1236 in
458 1151 1021 1260 fugffssrmtsffisi'quideids

86 1259 163 1324 modi
179 1260 288 1348 fuerit,
301 1258 753 1350 utPompeiuQQtii
763 1280 800 1324 eo
824 1259 872 1324 ias
882 1281 954 1324 cum
968 1259 1035 1323 suis

86 1349 267 1434 coniungat3
304 1347 359 1412 sed
394 1345 582 1412 videbamur
614 1335 791 1412 omnium
814 1369 856 1430 uo
887 1347 1016 1412 triduov

86 1437 196 1502 scituri.
242 1435 388 1502 Caesaris
410 1437 591 1500 litterarum
614 1436 795 1520 exemplum
816 1435 877 1500 tibi
899 1436 973 1508 misi

85 1546 210 1610 rogaras
225 1525 311 1589 enim
326 1561 378 1612 ·-‚
401 1524 453 1588 eui
475 1545 536 1588 nos
558 1523 650 1588 valde
674 1524 857 1588 satisfacere
880 1524 974 1588 multi
994 1523 1035 1589 ad

86 1635 129 1676 me
151 1614 360 1698 seripserunt,
384 1611 469 1698 quod
491 1613 597 1696 patior
619 1611 727 1696 facile,
749 1610 840 1697 dum,
861 1615 900 1677 ut
921 1611 1035 1698 adhue,

86 1701 159 1766 nihil
180 1702 299 1766 faciam
320 1701 467 1786 turpiter.

500 1928 627 1998 XXIV.x

115 2049 169 2106 Scr.
188 2051 218 2106 iu
236 2049 384 2106 formiano
404 2066 428 2106 a.
447 2049 475 2104 d.
494 2051 542 2106 III.
561 2050 627 2106 Idus
645 2047 811 2109 Februarias
825 2065 851 2103 a
864 2065 892 2104 a.
904 2053 998 2104 1705.

367 2155 498 2214 CICERO
518 2154 651 2211 ATTICO
671 2155 745 2210 SAL.

143 2265 310 2334 Philotimi
326 2265 453 2330 litterae
466 2287 518 2329 rna
532 2264 661 2349 quidam
675 2285 743 2329 non
763 2262 870 2346 nimis,
892 2261 949 2328 sed
970 2283 1035 2347 eos,

85 2355 132 2438 qui
153 2357 189 2420 in
210 2355 262 2422 his
284 2355 363 2421 locis
385 2357 495 2438 erant,
518 2352 690 2441 admodum
713 2351 925 2420 delectarunt:
962 2371 1034 2418 ecce
1246 2381 1247 2436 p

85 2444 231 2526 postridie
253 2441 365 2514 Cassio
388 2443 514 2506 litterae
534 2439 646 2526 Capua
668 2439 862 2524 aLuemfic,
883 2437 1035 2507 familiari

85 2530 158 2618 eius,
188 2531 357 2616 Nigidium
389 2553 409 2596 a
435 2530 579 2597 Domitio
613 2528 757 2614 Capuam
788 2529 930 2611 venisse,
962 2548 1035 2594 eum
1144 2575 1165 2612 .·
1246 2579 1247 2602 .

87 2619 182 2688 dicere
213 2619 393 2688 Vibullium
425 2640 498 2684 eum
535 2619 647 2703 paucis
678 2617 835 2687 militibus
867 2638 884 2680 e
915 2613 1034 2682 Piceno
1087 2597 1219 2716 padi

86 2728 203 2774 currere
235 2709 277 2773 ad
304 2707 448 2775 Gnaeum
497 2707 666 2772 confestim
698 2705 824 2822 ipsequi
856 2701 1035 2786 Caesarem,
1050 2683 1213 2784 i‘lffl'

86 2794 257 2862 Domitium
279 2818 347 2861 non
369 2779 488 2860 libasse
506 2795 645 2859 militum
657 2764 829 2875 triennia
851 2793 936 2857 idem
959 2792 1034 2856 scri·
1246 2809 1247 2812 ¹

86 2886 143 2966 psit
165 2885 277 2970 Capua
299 2885 446 2950 eonsules
470 2883 661 2948 discessisse.
706 2867 783 2947 Non
806 2869 933 2962 dubito,
956 2878 1035 2962 quin

87 2970 206 3040 Gnaeus
228 2975 263 3038 in
286 2974 365 3058 fuga
388 2973 442 3056 sit,
469 2970 565 3037 modo
596 2969 742 3056 effirgiat:
775 2987 835 3054 ego
858 2989 879 3031 1
900 2965 1034 3031 consilio

87 3059 231 3146 fugiendi,
253 3064 291 3126 ut
312 3065 349 3125 tu
372 3081 491 3144 censes,
514 3060 636 3124 absum.
987 3077 989 3080 ·

147 3291 195 3360 Ep.
215 3296 302 3359 23‚3.
326 3290 458 3346 eiusmodi
479 3289 500 3356 f.
526 3291 594 3358 (aa).
630 3281 803 3354 flammati
822 3280 903 3352 (vall
939 3283 1036 3350 eiusf.

87 3355 179 3430 billio
207 3363 243 3430 h.‚
258 3361 289 3416 B.
321 3361 371 3429 Ep.
387 3367 430 3416 24.
450 3361 545 3415 Caesio
564 3363 624 3428 (vc,
638 3356 665 3411 b.
679 3372 708 3409 o:
723 3355 771 3421 Z.l.
787 3352 878 3408 Cassii
891 3351 1037 3420 (MRIB.)?

88 3429 156 3484 —V
191 3473 196 3486 .
219 3433 300 3487 melia
323 3432 407 3499 (Wlt
430 3434 488 3486 aim
510 3428 668 3498 Malaca.
692 3425 739 3480 111.
762 3441 805 3480 ve.
824 3454 860 3464 -
878 3423 935 3490 effi:
954 3438 1001 3492 epo
1019 3440 1037 3477 a

88 3513 150 3556 cau.
168 3503 221 3571 (W.
241 3503 271 3557 et
293 3502 403 3570 Klein).
444 3502 487 3570 eff.
512 3515 559 3570 epo
577 3515 599 3558 c.
619 3497 648 3554 C.
667 3497 710 3565 eff.
729 3511 743 3550 c
761 3511 782 3552 c.
802 3495 861 3550 Mi.
897 3495 940 3562 aff.
959 3494 996 3555 A.
1013 3509 1036 3548 c.

89 3567 141 3640 Mt,
158 3573 215 3642 RL,
233 3573 328 3644 vulgo.
772 3581 826 3638 w
