2582 3980
228 239 293 304 644
327 239 363 294 Μ.
379 237 501 293 TULLII
518 235 709 292 CICERONIS
725 235 838 290 emer.
855 235 907 290 AD
923 235 1077 290 BRUTUM
1100 236 1124 290 1.
1149 242 1192 290 18.

201 383 365 467 «dependi
386 381 481 446 facile
503 381 635 466 patitur,
657 401 796 464 proquo
819 379 1052 464 spoponderis?
1077 400 1195 463 quam-

229 493 325 555 quam
348 474 381 535 et
402 470 503 552 hunc,
532 472 570 533 ut
592 487 699 553 spero,
729 468 847 533 tenebo
870 469 981 532 multis
1003 488 1195 552 repugnan-

228 560 329 642 tibus3
361 557 488 623 videtur
519 558 606 621 enim
637 577 706 620 esse
737 555 920 641 †indoles,
952 555 1007 620 sed
1038 555 1196 620 flexibilis

229 650 317 711 aetas
340 647 498 730 multique
520 644 826 729 addcpreuandum
852 645 972 729 parati,
1003 644 1059 728 qui
1082 645 1196 728 splen·

229 735 305 799 dore
327 734 403 799 falsi
425 735 559 799 honoris
582 733 708 798 obiecto
727 733 829 797 aciem
850 732 930 798 boni
950 733 1076 818 ingenii
1097 754 1195 816 prae·

230 823 345 908 stringi
376 844 471 908 posse
508 821 682 886 confidunt.
731 819 845 904 ltaque
882 821 923 888 ad
958 821 1099 904 reliquos
1138 821 1195 886 hic

230 932 356 995 quoque
387 912 479 975 labor
511 910 591 975 mihi
622 909 770 992 accessit,
805 912 843 974 ut
874 929 985 974 omnes
1018 909 1192 974 adhibeam

229 999 396 1064 machinas
428 999 468 1063 ad
500 997 676 1062 tenendum
707 997 959 1082 adolescentem,
994 1019 1036 1062 ne
1067 997 1192 1062 famam

230 1089 362 1153 subeam
384 1086 587 1152 temeritatis:
611 1107 807 1170 quamquam
825 1107 907 1170 quae
929 1085 1095 1150 temeritas
1116 1087 1194 1152 est?

229 1177 334 1278 magis
367 1177 453 1240 enim
483 1175 590 1258 illum,
620 1196 680 1259 pro
712 1196 776 1258 quo
808 1173 982 1259 spopondi,
1013 1196 1110 1258 quam
1139 1197 1193 1240 ms

229 1264 336 1348 ipsum
373 1263 527 1348 obligavi,
566 1283 627 1327 nec
662 1284 738 1328 vero
774 1263 940 1347 poenitere
976 1266 1086 1364 potest
1119 1285 1193 1328 rem

229 1352 393 1440 publicem
414 1374 466 1416 me
488 1373 547 1435 pro
571 1373 609 1416 eo
613 1350 850 1452 spopondisse,
873 1351 929 1434 qui
951 1350 1046 1415 fuit
1036 1373 1072 1415 ιιι
1093 1351 1192 1416 rebus

231 1437 384 1526 gerundis
408 1462 505 1525 quum
529 1461 587 1505 suo
610 1439 757 1524 ingenio,
788 1442 859 1503 tum
881 1460 954 1504 mea
975 1439 1191 1524 promissione

205 1529 440 1594 sconstentior.
485 1527 645 1592 Maximus
675 1530 797 1610 autem,
828 1527 892 1592 nisi
914 1548 966 1592 me
988 1527 1073 1592 forte
1095 1528 1191 1613 fallit,

231 1617 323 1682 inre
345 1617 475 1701 publica
496 1615 674 1681 nodust
625 1619 674 1680 est
695 1615 807 1699 inopia
823 1616 871 1680 rei
893 1617 1112 1718 pecuniariae,
1135 1617 1191 1682 ob·

232 1704 406 1769 durescunt
428 1706 514 1768 enim
536 1704 641 1790 magis
664 1706 744 1788 quot
729 1703 807 1768 tidie
830 1703 909 1769 boni
931 1704 993 1768 viri
1015 1704 1057 1769 ad
1078 1726 1192 1770 vocem

231 1792 355 1877 tributi,
376 1791 461 1876 quod
485 1813 524 1856 ex
542 1791 718 1857 centesima
731 1789 883 1858 collatum
897 1792 1078 1877 impudenti
1093 1815 1192 1859 censu

230 1880 486 1964 locupletium
475 1901 510 1944 ιιι
547 1881 683 1946 duarum
714 1880 879 1966 legionum
911 1881 1063 1965 praemiis
1096 1903 1192 1946 omne

232 1971 394 2035 consumit
395 1992 441 2054 ur,
462 1969 651 2054 impendent
664 1972 771 2034 autem
784 1969 904 2034 infiniti
921 1973 1069 2054 sumptus
1092 1991 1193 2054 quum

232 2058 267 2122 in
289 2058 350 2124 hos
374 2059 540 2143 exercitus,
562 2057 679 2141 quibus
693 2079 780 2122 nunc
794 2057 1005 2142 defendimur,
1026 2062 1098 2122 tum
1115 2080 1192 2124 vero

231 2146 268 2210 in
289 2150 383 2212 tuum
401 2183 442 2194 —
456 2168 533 2210 nam
557 2144 686 2211 Cassius
709 2150 821 2212 noster
842 2146 970 2211 videtur
991 2168 1086 2230 posse
1112 2149 1191 2212 satis

233 2238 368 2300 ornatus
381 2235 490 2300 venire
504 2270 556 2300 -.
584 2231 647 2299 Sed
670 2236 703 2298 et
724 2234 805 2299 haec
822 2235 972 2298 etmulta
994 2235 1058 2298 alia
1081 2256 1193 2301 coram

206 2325 342 2408 ecupio,
372 2323 468 2408 idque
491 2321 759 2408 quamprimum.
803 2321 854 2387 De
877 2323 996 2388 sororis
1018 2327 1095 2388 tuae
1117 2325 1193 2389 filiis

233 2433 301 2476 non
324 2411 515 2496 exspectavi,
535 2409 649 2493 Brute,
673 2410 749 2475 dum
772 2411 940 2476 scriberes:
964 2411 1097 2477 omnino
1121 2413 1193 2497 ipsa

233 2503 380 2584 tempore
402 2537 445 2548 —
467 2500 588 2570 bellum
616 2499 702 2564 enim
724 2498 859 2565 ducetur
881 2535 924 2546 -
947 2499 1111 2585 integram
1132 2501 1193 2566 tibi

234 2609 364 2652 oausam
390 2591 569 2671 reservant,
602 2586 658 2652 sed
685 2606 746 2672 ego
769 2609 789 2651 a
815 2587 989 2672 principio,
1019 2611 1120 2672 quum
1147 2589 1193 2654 di-

233 2675 345 2740 vinare
368 2675 407 2740 de
427 2676 504 2740 belli
517 2675 730 2742 diuturnitate
742 2697 811 2742 non
832 2697 971 2760 possem,
991 2675 1042 2740 ita
1061 2698 1193 2743 causam

234 2767 837 2937 lffierlidepridldldsemcosgeddddlelelltnsseec
862 2764 1195 2920 ιιιιιὴιιιιιθιέιαξιι

234 2963 397 3026 umquam,
421 2943 456 3007 in
478 2962 543 3026 qua
565 2962 627 3026 ego
649 2961 717 3006 non
739 2942 790 3006 vel
813 2941 898 3004 vitae
919 2941 1062 3025 periculo
1086 2965 1127 3008 ea
1148 2944 1194 3008 di·

219 3052 306 3096 .cam
338 3052 438 3114 eaque
469 3029 600 3113 faciam,
632 3051 713 3112 quae
744 3033 778 3094 te
804 3030 886 3094 velle
914 3039 1059 3114 quaeque
1087 3031 1130 3096 ad
1160 3035 1194 3096 te

235 3120 396 3204 pertinere
419 3119 564 3183 arbitrer.
599 3135 644 3182 vl.
667 3117 738 3182 Kal.
762 3116 907 3183 Sextiles.

306 3241 358 3311 Ep.
379 3247 421 3308 18
439 3245 463 3295 4
495 3239 708 3325 eosc†iadolca
729 3239 804 3308 (W..)
830 3239 1108 3295 essetneobomi.
1126 3241 1194 3310 (W.)

236 3281 1195 3378 accinctione.(Weinoo.o.i..1;eneoe.s.1unt‚

237 3379 426 3448 cl,·..Grute1)
454 3382 513 3440 ec.
532 3381 627 3450 vulgo
670 3387 694 3434 6.
722 3381 918 3436 obsurdescunt
935 3383 1006 3435 enim
1025 3384 1071 3449 (m.
1092 3399 1126 3436 co
1126 3355 1195 3452 nili

238 3453 262 3500 6.
280 3450 405 3504 dicture.
419 3466 591 3519 nonposeem
609 3451 649 3519 (1,
662 3451 711 3506 vul
712 3453 766 3520 g.o)
785 3452 853 3520 dp
870 3451 1017 3507 ΜΒΒ.-
1036 3453 1194 3509 arbitrator

237 3515 310 3587 (ουν
328 3520 496 3588 arbitrorI,
515 3520 624 3576 Gruter.
643 3521 761 3578 artarer
779 3521 902 3590 (Meso.

607 3661 818 3675 ..υ-*κιαι-
