2484 3974
163 221 422 280 EPISTOLARUM
439 223 490 280 AD
508 222 672 279 eumcum
690 223 739 280 lx.
758 229 871 278 13-16.
929 222 995 288 335

42 367 206 434 faciamus:
238 368 280 434 ab
302 372 440 453 utroque
469 369 584 454 portus
606 390 707 433 cornu
729 369 829 434 moles
851 367 995 451 iacimus,

42 460 75 520 ul
100 461 157 522 aul
181 457 275 522 illum
302 478 399 541 quem
425 457 567 541 primum
593 457 753 540 traiicere,
784 455 870 540 quod
895 456 995 521 habeb

42 542 201 610 Brundisii
214 545 388 629 copiarum,
402 566 555 630 cogamus
569 548 626 610 aut
640 545 726 610 exilu
739 543 994 628 prohibeamus.“

42 632 101 697 Ubi
124 638 174 700 esb
195 633 252 698 illa
274 655 345 718 pax,
368 632 407 698 de
430 654 494 718 qua
512 632 634 699 Balbus
658 633 829 716 scripserat
851 633 1023 717 torqueris

44 720 94 785 sc?
115 721 230 806 ecquid
253 721 414 805 acerbius,
436 722 550 806 ecquid
573 721 754 788 crudelius?
790 720 898 805 Atque
921 743 994 786 eum

42 810 124 894 loqui
155 809 287 894 quidem
317 804 524 886 αὖθεπικῶς
553 809 708 876 narrabat
739 807 797 876 Cn.
828 807 995 893 Carbonis,

44 896 81 962 bl.
97 897 193 964 Brubi
215 919 250 964 se
272 919 394 982 poenes
416 899 566 984 persequi
589 899 795 982 omniumque
818 919 938 982 eorum,
959 897 995 963 in

45 1008 118 1069 quos
131 985 222 1052 Sulla
236 987 372 1052 crudelis
394 986 457 1055 hoo
471 987 558 1053 socio
577 987 705 1070 fuisseb3
726 987 808 1051 nihil
822 983 995 1051 Curionem

46 1096 74 1138 se
95 1075 173 1141 duce
196 1075 316 1159 lacere,
347 1074 433 1160 quod
459 1097 527 1140 non
553 1075 607 1140 hic
630 1073 720 1140 Sulla
746 1074 826 1140 duce
853 1073 995 1156 fecissem

44 1163 121 1240 †ad
143 1163 363 1247 ambitionem,
386 1163 502 1250 quibus
524 1164 628 1229 exsilii
649 1183 755 1248 poene
777 1162 996 1247 superioribus
1055 1171 1075 1187 ”

45 1251 162 1337 legibus
196 1274 266 1318 non
305 1252 433 1338 fuisset,
477 1253 518 1317 ab
558 1253 615 1318 illo
650 1252 774 1335 patriae
813 1251 997 1336 proditores

45 1338 147 1404 exsilio
176 1339 324 1406 reductos
360 1360 442 1424 esse3
479 1340 569 1425 queri
604 1339 644 1405 de
679 1339 799 1406 Milone
846 1338 996 1424 pervim

47 1427 185 1511 expulso,
215 1427 378 1492 neminem
409 1430 519 1493 lumen
550 1449 585 1492 se
612 1427 820 1513 violaturum,
850 1428 914 1493 uisi
940 1427 996 1513 qui

46 1534 128 1579 erma
162 1519 285 1581 contra
337 1513 427 1580 Haec
462 1514 603 1582 Baebius
635 1516 764 1600 quidam
801 1539 821 1580 a
855 1512 995 1582 Curione

47 1618 87 1665 111.
108 1602 154 1667 Id.
177 1603 354 1688 profectus,
384 1603 482 1669 homo
510 1626 578 1670 non
600 1604 722 1688 infans,
754 1604 810 1670 sed
837 1605 892 1689 qui
914 1605 996 1671 nulli

47 1709 107 1756 non
130 1691 224 1758 dicat.
250 1691 351 1757 Plane
373 1693 491 1777 nescio,
515 1692 591 1777 quid
613 1714 722 1779 agam:
745 1693 826 1758 illim
848 1693 998 1778 equidem

47 1775 183 1845 Gnaeum
195 1780 377 1864 profectum
390 1785 484 1866 pub03
498 1781 651 1866 quidquid
666 1784 724 1866 esb,
736 1781 836 1846 biduo
850 1782 998 1848 sciemus.

49 1865 74 1930 A
85 1871 116 1932 ie
129 1868 211 1934 nihil
226 1889 268 1933 ne
281 1867 423 1935 Anteros
435 1869 564 1954 quidem
577 1870 770 1954 litterarum
791 1891 852 1934 uec
865 1870 995 1936 mirum:

49 1955 116 2037 quid
139 1957 224 2022 enim
247 1960 305 2041 est,
328 1958 413 2041 quod
434 1957 633 2023 scribamus?
656 1979 717 2043 ego
739 1961 850 2024 tamen
872 1959 995 2024 nussem

50 2041 125 2110 diem
145 2045 376 2130 praebermitto.

107 2131 233 2219 Scripta
245 2134 382 2218 episbola
403 2133 530 2200 litterae
544 2134 624 2198 mibi
643 2137 718 2199 ante
740 2134 845 2198 lucem
858 2155 879 2198 a
891 2133 1024 2218 Lepbss

52 2216 151 2306 Capua
171 2221 315 2288 reddibus
340 2226 430 2288 sunl:
452 2222 533 2288 Idib.
547 2221 642 2288 Merb.
655 2221 844 2307 Pompeium
857 2243 878 2286 a
890 2221 995 2286 Brun·

51 2307 122 2376 disio
136 2310 367 2397 conscendisse,
394 2315 429 2376 ab
442 2308 611 2377 Gaesarem
625 2333 653 2376 a.
667 2308 697 2375 d.
710 2327 767 2376 vu.
781 2309 853 2375 Kal.
865 2307 996 2396 Apriles

51 2393 167 2482 Capuae
188 2399 269 2466 fore.

480 2627 552 2694 XV.

53 2742 101 2801 Sor.
119 2747 147 2803 in
164 2748 313 2806 Formiano
331 2766 357 2805 u.
376 2749 403 2804 d.
421 2748 495 2804 VHl.
514 2749 655 2805 Kalendas
672 2749 784 2836 Apriles
803 2766 829 2805 a.
846 2767 873 2806 u.
892 2767 916 2807 a
936 2756 997 2806 705.

296 2851 460 2911 ’01οΕΕο
477 2853 628 2910 ΑΤΤΙΟΟ
646 2854 730 2911 SAL.

110 2961 213 3040 Quum
245 2963 403 3029 dedissem
435 2963 475 3028 ad
501 2966 534 3029 be
561 2959 699 3048 libtercs,
729 2967 767 3030 ul
796 2964 891 3030 scires
919 2961 1021 3029 Cae-r

54 3067 145 3116 sarem
171 3051 302 3138 Capuae
328 3069 386 3118 vn.
409 3051 480 3116 Kal.
507 3051 591 3137 fore,
632 3053 748 3118 allatae
779 3050 859 3116 mihi
886 3049 997 3136 Capua

117 3289 166 3361 Ep.
186 3295 232 3355 u,
253 3296 277 3344 1.
299 3292 332 3340 ar
352 3285 432 3341 illum
449 3289 499 3340 aut
521 3283 606 3353 (W.)?
642 3287 666 3338 2.
685 3283 749 3350 secr
767 3299 786 3336 a
802 3296 830 3336 se
847 3281 913 3338 duri
929 3282 992 3337 rede·

58 3359 157 3428 ίίοηοηι,
173 3360 274 3430 peribus
290 3357 393 3428 (Madv.
407 3355 478 3411 lov.
495 3360 508 3409 l
540 3360 565 3409 8.
583 3357 662 3408 euna·
679 3353 754 3407 Idib.
771 3351 861 3408 Mart.
875 3351 910 3407 P.
925 3351 1001 3422 (Scin

59 3429 156 3502 Μ).
174 3435 241 3486 sumt
258 3429 287 3482 I.
306 3429 366 3483 M..·
385 3427 418 3481 P.
506 3441 531 3480 o.
550 3455 584 3466 -
607 3422 845 3492 elemosmarum
865 3422 950 3493 (Wll
968 3438 1000 3479 ur

59 3498 84 3552 0·
99 3500 145 3558 RI.
163 3502 201 3558 cd
220 3499 250 3556 0.
268 3499 328 3555 Mn.
348 3502 379 3554 ct
396 3496 426 3553 0.
444 3497 506 3566 Ma,
524 3495 555 3566 I.,
572 3493 667 3566 vulgo.
