2590 3964
259 223 519 280 EPISTOLARUM
536 223 586 280 AD
605 224 770 280 ATTIOUM
788 225 835 280 III.
856 230 897 281 lt.
993 225 1057 290 103

95 387 168 433 non
192 364 290 453 sinat,
321 368 406 432 idem
434 370 565 434 senatus
593 370 740 436 consulto
767 369 953 435 intercedet.
989 369 1058 436 Nec

96 456 275 540 quidquam
304 455 391 520 aliud
414 479 496 541 opus
523 461 573 522 est
595 457 757 544 abrogari:
792 479 870 524 nam
896 459 985 543 prior
1007 460 1059 524 lex

97 566 161 610 nos
184 543 266 610 nihil
295 543 457 628 laedebat3
489 567 586 629 quam
613 546 654 631 si,
685 550 724 612 ut
749 551 819 612 erat
844 548 1060 634 promulgata,

97 631 231 698 laudare
254 633 468 700 voluissemus
491 637 557 718 aut,
577 637 616 699 ut
638 638 709 700 erat
729 634 932 721 negligenda,
957 635 1059 721 negli-

96 741 184 805 gere,
206 741 324 786 nocere
348 721 480 786 omnino
502 721 597 787 nobis
619 744 687 788 non
709 723 876 807 potuisset.
902 723 966 789 Hic
978 724 1060 789 mihi

97 809 239 892 primum
271 831 379 874 meum
412 810 583 875 consilium
614 832 682 876 non
715 812 819 876 solum
851 811 966 894 defuit,
1004 812 1060 877 sed

97 897 197 962 ctiam
211 896 332 962 obfuit:
356 897 453 981 caeci,
475 899 571 983 caeci,
593 899 735 983 inquam,
757 899 877 964 fuimus
891 900 926 962 in
939 901 1060 966 vestitu

97 984 267 1070 mutando,
288 985 324 1050 in
346 987 466 1070 populo
484 985 640 1072 rogando,
663 986 758 1072 quod,
780 987 844 1052 nisi
866 988 1061 1054 nominatim

97 1095 225 1138 mecum
255 1074 310 1158 agi
339 1078 488 1159 coeptum
515 1077 613 1159 esset,
643 1075 713 1139 fieri
740 1075 957 1158 perniciosum
988 1075 1061 1142 fuit.

99 1159 161 1226 Sed
184 1182 288 1248 pergo
311 1162 498 1246 praeterita3
520 1165 742 1228 verumtamen
756 1163 797 1228 ob
820 1162 906 1228 hanc
920 1185 1062 1247 causam,

98 1254 147 1333 ut,
176 1251 205 1314 si
228 1249 307 1333 quid
330 1254 457 1335 agetur,
485 1251 590 1336 legem
612 1251 715 1335 illam,
746 1251 782 1315 in
804 1273 868 1335 qua
889 1252 1061 1336 popularia

98 1339 201 1402 multa
231 1341 321 1422 sunt,
352 1360 394 1403 ne
421 1340 573 1424 tangatis.
610 1338 733 1404 Verum
764 1342 814 1404 est
841 1340 976 1405 stultum
1007 1359 1084 1404 mec

99 1427 295 1510 praecipere,
317 1426 394 1510 quid
412 1428 517 1513 agatis
540 1430 598 1492 aut
620 1427 794 1511 quomodo:
816 1429 942 1492 utinam
964 1429 1061 1494 modo

99 1519 217 1600 egetur
242 1515 378 1598 aliquid!
413 1515 450 1578 in
479 1537 543 1599 quo
569 1516 641 1600 ipsc
668 1517 772 1582 multa
798 1517 963 1581 occultant
984 1520 1060 1580 tuae

99 1603 244 1686 litterae,
276 1603 384 1688 credo,
415 1624 457 1668 ne
484 1604 705 1670 vehementius
737 1604 959 1688 desperatione
977 1625 1062 1688 per·

99 1692 224 1756 turber:
259 1691 336 1774 quid
363 1691 450 1756 enim
477 1691 566 1757 vides
595 1694 649 1777 agi
675 1714 770 1778 posse
793 1695 851 1758 aut
877 1691 1061 1777 quomodo?

99 1801 157 1863 per
181 1779 397 1844 senatumne?
429 1783 465 1844 at
485 1783 556 1844 tute
584 1781 740 1864 scripsisti
763 1781 802 1845 ad
826 1803 877 1846 me
901 1781 1061 1865 quoddam

100 1870 199 1952 caput
207 1868 292 1952 legis
300 1865 447 1933 Clodium
457 1869 492 1932 in
502 1869 608 1934 curiae
621 1873 714 1953 poste
727 1869 843 1953 fixisse,
856 1887 902 1934 rur
915 1886 1061 1934 aurnum

100 1973 192 2020 aava
224 1972 483 2040 mc1u1caaar3
520 1957 680 2040 quomodo
707 1957 807 2043 igitur
832 1957 995 2023 Domitius
1027 1978 1062 2020 se

102 2044 184 2108 dixit
200 2043 402 2109 relaturum?
425 2045 586 2128 quomodo
601 2048 708 2110 autem
722 2046 771 2131 iis,
793 2067 874 2130 quos
888 2049 925 2110 tu
939 2045 1063 2130 scribis,

102 2135 134 2196 et
157 2133 197 2196 de
220 2154 255 2196 re
279 2131 459 2198 dicentibus
483 2137 524 2217 et,
546 2137 584 2198 ut
605 2135 790 2219 referretur,
821 2133 1062 2219 postulantibus

103 2217 236 2286 Clodius
258 2220 382 2284 tacuit?
414 2243 464 2306 ac,
488 2223 515 2286 si
537 2244 595 2306 per
616 2223 786 2306 populum,
814 2221 975 2305 poteritne
998 2220 1063 2284 nisi

103 2308 141 2373 de
156 2308 303 2374 omnium
316 2309 520 2375 tribunorum
538 2311 581 2395 pl.
595 2309 778 2375 sententia?
802 2309 878 2392 quid
892 2307 931 2372 de
945 2308 1063 2373 bonis?

104 2396 179 2480 quid
194 2397 235 2460 de
249 2396 368 2462 domo?
390 2399 550 2482 poteritne
564 2398 711 2464 restitui?
735 2400 800 2482 aut,
814 2397 841 2461 si
854 2418 922 2462 non
934 2396 1064 2481 poterit,

104 2487 235 2570 egomet
257 2485 418 2569 quomodo
440 2487 576 2571 potero?
603 2487 694 2552 Haec
715 2486 779 2550 nisi
801 2485 889 2551 vides
913 2484 1063 2571 expediri,

106 2595 204 2656 quam
227 2572 263 2636 in
286 2595 376 2657 spem
398 2575 581 2640 merocas?
605 2575 655 2640 sin
678 2578 786 2640 autem
809 2574 878 2658 spei
900 2574 982 2638 nihil
1005 2577 1063 2658 est,

106 2683 187 2744 quae
211 2664 261 2725 est
282 2661 363 2726 mihi
385 2661 474 2728 vita?
504 2661 617 2747 Itaque
641 2667 790 2747 exspecto
815 2662 1063 2729 Thessalonicae

106 2752 178 2813 acta
199 2747 273 2813 Kal.
297 2747 480 2834 Sextilium,
503 2773 541 2814 cx
565 2750 680 2836 quibus
704 2754 858 2836 statuam,
888 2752 924 2815 in
946 2754 1063 2817 tuosne

105 2858 201 2922 agros
225 2837 424 2922 confugiam,
453 2843 490 2902 ut
512 2861 616 2923 neque
638 2839 764 2904 rideam
790 2839 952 2923 homines,
982 2861 1063 2922 quos

106 2926 222 3008 nolim,
245 2928 279 2989 et
299 2929 345 3009 te,
367 2929 405 2990 ut
428 2927 554 3011 scribis,
576 2927 702 2992 rideam
725 2931 759 2992 et
780 2928 913 3012 propius
936 2927 1012 3009 sim,
1035 2926 1064 2990 si

106 3014 182 3098 quid
210 3017 328 3098 agatur
352 3015 513 3098 —-·idque
541 3016 684 3080 intellexi
707 3038 807 3100 quum
828 3016 902 3100 tibi,
933 3018 1003 3079 tum
1027 2997 1064 3088 Q.

174 3133 228 3203 Ep.
250 3139 292 3200 15,
311 3140 336 3189 5.
367 3139 475 3190 uteret
488 3136 666 3205 proruulpctc
684 3136 779 3206 (lirul.
804 3141 837 3190 ut
853 3139 892 3190 est
906 3151 950 3203 pr.
969 3132 1074 3202 vulgo.

108 3235 138 3245 -—
161 3204 309 3260 seruilium
330 3221 387 3260 uon
408 3207 495 3261 solum
517 3206 570 3273 def.
598 3206 674 3276 (Or).
698 3206 758 3262 Om.
782 3222 839 3262 aaa
859 3206 947 3260 solum
968 3203 1064 3272 vulgo.

107 3282 135 3399 r
149 3276 402 3414 recma
415 3277 707 3420 umaru-
726 3294 761 3400 a
780 3273 1065 3414 scamas

107 3416 135 3484 1.,
152 3433 185 3485 a,
205 3417 256 3472 sed
278 3387 312 3472 iic
333 3389 406 3486 quo’d
427 3420 509 3486 ipsc).
541 3421 584 3472 a!
612 3389 786 3483 malcomi,
811 3434 846 3484 q,
865 3433 897 3484 c.‚
921 3416 952 3469 B.
972 3443 1005 3455 —
1025 3385 1065 3469 A'r

107 3491 159 3613 effic
176 3489 217 3556 (L,
237 3504 273 3556 a,
291 3487 331 3556 l.).
356 3487 648 3557 Astr(MR1.,B.)r
668 3517 700 3526 -
720 3486 867 3542 satillum
886 3487 961 3556 (Ψ).
989 3485 1065 3544 Sec.

109 3575 124 3612 v
151 3576 195 3630 gc.
