2582 3980
226 251 291 318 582
508 249 547 306 Μ.
566 247 689 305 Tuum
707 247 901 304 CICERONIS
946 237 950 242 ’

225 395 327 460 multa
349 416 401 458 me
423 397 557 460 movent
578 395 613 459 in
636 394 788 477 discessu,
809 394 845 459 in
867 395 978 479 primis
995 394 1181 479 mehercule,

226 484 311 569 quod
335 482 485 568 diiungor
499 505 519 548 a
532 487 579 566 te3
602 487 711 550 movet
732 484 830 549 etiam
852 485 1069 571 navigationis
1089 484 1181 550 labor

226 572 350 637 alienus
373 593 441 638 non
457 571 505 637 'ab
535 575 640 636 aetate
664 572 768 636 solum
791 576 916 656 nostra,
948 594 1060 637 verum
1086 574 1180 637 etiam

226 683 245 725 a
269 661 439 746 dignitate,
468 664 659 746 tempusque
682 660 841 725 discessus
865 660 1112 746 subabsurdum,
1131 683 1179 726 re-

224 750 400 834 linquimus
428 749 514 816 enim
540 768 666 834 pacem,
697 752 734 818 ut
761 749 802 817 ad
829 749 950 816 ballum
976 753 1177 834 reuertamm,

226 839 374 924 quodque
396 838 551 922 temporis
565 838 599 902 in
621 837 794 922 praediolis
809 837 930 906 nostris
949 841 982 903 et
1004 839 1086 903 belle
1101 838 1179 902 aedi-

225 928 330 994 ficatis
357 931 391 992 et
419 928 497 992 satis
528 927 673 994 amoenis
703 927 850 995 consumi
880 927 1000 1012 potuit,
1031 928 1067 992 in
1098 949 1179 1011 pere

226 1016 409 1102 grinatione
432 1016 659 1082 consumimus.
687 1013 905 1082 conarentur
926 1015 1019 1081 haec:
1043 1019 1102 1082 aut
1114 1037 1180 1100 pro·

227 1105 366 1171 donimus
380 1105 501 1189 aliquid
515 1102 662 1170 Ciceroni
676 1108 741 1189 aut,
765 1107 923 1189 quantum
944 1105 1059 1189 profici
1075 1105 1182 1190 possit,

226 1193 452 1278 iudicabimus
475 1194 589 1260 deinde
602 1197 639 1260 tu
652 1193 727 1276 iam,
749 1197 786 1258 ut
800 1215 894 1279 spero
909 1196 943 1258 et
954 1197 993 1259 ut
1014 1194 1183 1278 promittis,

225 1283 339 1366 aderis,
362 1282 448 1367 quod
471 1283 600 1367 quidem
616 1282 644 1348 si
658 1281 818 1365 acciderit,
841 1282 950 1348 omnia
972 1282 1070 1348 nobis
1086 1283 1184 1348 'erunt

199 1371 368 1440 meliora.
398 1370 537 1436 Maxime
561 1374 670 1438 autam
692 1392 743 1436 me
766 1371 860 1456 angit
881 1371 965 1436 ratio
988 1371 1185 1455 reliquorum
1286 1415 1287 1420 κ

225 1483 384 1543 meorum,
415 1482 497 1546 quae
529 1479 725 1544 quamquam
755 1460 913 1544 explicata
945 1463 1036 1543 sunt,
1068 1463 1185 1542 tamen,

226 1550 313 1633 quod
335 1553 368 1615 et
390 1547 578 1616 Dolabellae
605 1569 726 1616 nomen
750 1547 786 1614 in
807 1548 849 1614 iis
871 1551 921 1614 est
951 1552 984 1613 et
1005 1549 1027 1627 †
1050 1549 1186 1613 attribu·

225 1637 314 1702 tione
337 1637 418 1702 mihi
440 1638 574 1705 nomina
595 1638 723 1723 ignota,
751 1637 940 1721 conturbor,
961 1657 1024 1702 nee
1043 1658 1098 1701 me
1122 1638 1187 1702 ulla

226 1747 277 1790 res
300 1725 404 1810 magis
418 1725 512 1810 angit
529 1725 745 1800 exomnibus·
768 1726 878 1810 itaque
891 1747 959 1791 non
972 1725 1053 1790 mihi
1076 1726 1188 1791 videor

225 1814 481 1970 {stituit}
485 1813 1188 1988 5⁶.tltlffi.tttttllttat.⁸¹2tl

225 1953 947 2183 ltsslctttffdttttlttttcl
968 1953 1187 2182 tillut,

227 2170 296 2235 sit
281 2170 342 2235 tibi
368 2169 542 2253 videbitur,
573 2190 675 2254 eoquo
705 2169 824 2254 magis,
856 2169 884 2234 si
911 2169 1161 2252 proficiscaris
1152 2191 1187 2232 un

199 2258 370 2342 cupitum.
397 2257 488 2324 Haeo
510 2277 571 2343 ego
594 2257 813 2327 conscendens
830 2257 1059 2342 ePompeiano
1081 2257 1186 2322 tribus

226 2347 410 2412 actuariolis
447 2347 694 2413 decemsoalmis.
745 2344 866 2412 Brutus
898 2346 1008 2412 erat
998 2367 1034 2410 m
1064 2343 1187 2410 Neside

225 2436 323 2502 stiam
351 2457 451 2519 nunc,
478 2433 617 2521 Neapoli
639 2433 779 2502 (lessius.
823 2433 950 2520 Ecquid
977 2455 1066 2500 amas
1090 2433 1186 2499 Deio·

225 2528 332 2588 tarum
356 2528 389 2588 et
401 2546 470 2590 non
483 2545 572 2590 amas
585 2522 741 2590 Hieram?
764 2523 828 2608 qui,
850 2528 888 2590 ut
900 2522 1082 2588 Blesamius
1096 2523 1186 2588 venit

226 2611 267 2677 ad
289 2633 354 2695 me,
386 2634 485 2696 quum
507 2613 537 2677 ei
563 2613 798 2698 praescriptum
821 2615 919 2696 esset,
949 2632 991 2676 ne
1015 2611 1093 2696 quid
1116 2613 1186 2677 sine

226 2699 315 2766 Sexti
336 2701 441 2766 nostri
463 2701 625 2766 sententia
638 2705 757 2787 ageret,
779 2700 944 2786 nequead
967 2700 1059 2766 illum
1081 2721 1186 2784 nequa

226 2788 267 2856 ad
295 2809 488 2874 quemquam
514 2793 662 2857 nostrum
688 2789 822 2856 rettulit.
866 2787 1012 2856 Atticam
1038 2791 1186 2854 nostram

226 2878 321 2962 cupio
344 2878 496 2944 scaviari:
518 2879 566 2943 ita
588 2879 668 2944 mihi
690 2878 792 2944 dulcis
815 2878 903 2944 salus
917 2878 988 2943 visa
1009 2882 1060 2943 ast
1081 2883 1187 2962 perte

226 2969 325 3032 missa
347 2967 388 3033 ab
410 2967 481 3051 illa3
512 2966 633 3032 referes
659 2967 760 3054 igitur
786 2965 817 3034 ai
842 2967 1016 3051 plurimam
1044 2966 1188 3052 itemquo

226 3054 328 3121 Piliae
352 3055 439 3122 dicas
460 3056 565 3122 uelim.
863 3101 864 3104 ,

296 3232 346 3301 Ep.
362 3237 387 3300 3,
402 3236 427 3286 3.
446 3235 472 3287 ct
527 3229 681 3298 ΜΝ).
700 3227 851 3295 B.sine†.
869 3223 1186 3294 admtommwr.)

225 3303 450 3358 asteriacus
503 3303 554 3368 m.)
573 3301 761 3356 aarum
781 3295 892 3365 (Boot).
