2574 3966
227 189 296 254 454
514 188 551 244 Μ.
572 187 695 243 TULLII
712 185 903 244 CICERONIS

159 417 162 424 Ι
228 336 290 416 est,
310 336 360 398 ‘ut
390 334 486 398 velim
516 330 660 416 Clodiae3
691 332 760 416 sed,
791 332 820 398 si
850 331 914 398 ista
940 333 1049 400 minus
1075 332 1185 399 eondoi

227 424 378 507 possunt,
399 421 500 523 ’effice
533 421 671 523 quidvis:
694 441 764 522 'ego
792 443 843 522 me
874 421 996 524 maiore
1025 421 1186 507 religione,

228 509 1186 682 tttttttltdtttl?ettdtt‘tttldt

228 690 266 752 ut
288 685 330 751 ad
349 689 385 752 te
407 686 477 751 lueri
501 686 623 770 scripsi,
645 685 863 752 eonsiderabis
885 687 985 751 etiam
1008 686 1047 751 de
1070 685 1186 751 'luseu-

227 776 377 930 iffi&
400 779 507 842 aestas
530 774 652 860 effluat,
674 774 761 860 quod
774 778 859 840 uerte
881 796 951 841 nou
973 778 1024 842 est
1046 775 1185 841 commit·

651 1051 759 1124 XLIM

305 1177 362 1234 Sor.
381 1177 502 1234 Asturae
520 1193 615 1233 mense
632 1177 709 1233 Maio
728 1179 805 1246 (ante
822 1178 899 1248 Idus)
919 1195 943 1232 a.
962 1196 990 1234 a
1009 1196 1033 1235 o.
1055 1184 1113 1235 709.

499 1299 650 1358 clauso
668 1299 819 1356 ΛΤΤΙΟΟ
836 1299 920 1358 SAL.

203 1429 214 1471 r
295 1407 341 1475 llt
352 1408 496 1476 Hirtium
519 1409 641 1495 aliquid
664 1409 705 1474 ad
727 1413 759 1474 te
781 1409 965 1494 συμπαθῶς
978 1410 1019 1475 de
1042 1430 1094 1476 me
1117 1410 1187 1476 sori·

228 1498 338 1583 psisse,
353 1498 448 1563 facile
470 1499 578 1583 patior
600 1535 643 1546 -
665 1498 744 1564 feeit
766 1498 852 1563 enim
873 1497 1083 1563 humane-
1104 1501 1138 1564 et
1157 1503 1188 1563 te

230 1586 298 1650 eius
330 1587 501 1670 epistelam
528 1586 569 1651 ad
601 1608 652 1651 mo
679 1608 747 1652 non
774 1587 898 1651 misisse
925 1587 1028 1653 multo
1056 1588 1189 1670 facilius,

229 1676 274 1738 tu·
289 1675 376 1739 enim
399 1676 497 1740 etiam
518 1675 700 1740 humanius.
745 1673 837 1741 Illius
866 1675 998 1759 librum,
1031 1696 1130 1760 quem
1152 1675 1189 1740 ad

229 1782 281 1826 me
304 1761 392 1827 misit
415 1763 454 1828 de
468 1761 601 1847 (latone,
623 1765 794 1848 propterea
817 1763 891 1828 volo
910 1763 1072 1849 divulgari
1086 1786 1105 1828 a
1119 1765 1189 1848 tuis,

229 1853 267 1915 ut
289 1871 327 1915 ex
348 1850 486 1916 istorum
499 1852 736 1936 vituperatione
749 1852 792 1917 sit
805 1851 892 1916 illius
912 1852 1016 1918 maior
1038 1852 1189 1918 laudatio.

203 1938 324 2016 sQuod
354 1960 412 2024 per
442 1939 616 2006 Mustelam
648 1941 734 2026 agis,
769 1939 870 2006 habes
901 1939 1068 2006 homiuem
1100 1941 1190 2006 valde

229 2029 382 2093 idoneum
408 2029 534 2113 meique
561 2050 639 2094 sane
667 2028 847 2094 studiosum
873 2028 938 2094 iam
967 2028 1043 2094 inde
1066 2051 1088 2094 a
1108 2027 1190 2095 Pou-

229 2117 333 2183 tian0:
356 2117 473 2202 perfice
496 2117 598 2202 igitur
620 2117 757 2200 aliquid,
779 2115 856 2201 quid
878 2119 987 2182 autem
1010 2116 1108 2202 aliud,
1131 2117 1191 2184 uisi

230 2209 268 2269 ut
288 2205 395 2270 aditus
418 2206 462 2294 sit
484 2205 643 2289 emptori?
676 2205 762 2289 quod
789 2226 847 2289 per
874 2205 1018 2288 quemvis
1041 2205 1190 2272 heredem

229 2296 339 2377 potest
353 2293 447 2377 effici,
470 2294 526 2358 sed
542 2292 716 2360 Mustelam
729 2292 762 2357 id
775 2292 1003 2377 perfecturum,
1016 2293 1045 2358 si
1057 2295 1192 2380 regaris,

230 2384 319 2464 puto.
350 2380 433 2446 Mihi
454 2403 531 2447 vero
554 2384 588 2447 et
608 2383 725 2466 loeum,
748 2402 844 2466 quem
866 2384 954 2488 opto,
976 2380 1084 2466 adid,
1107 2381 1191 2467 quod

230 2469 392 2554 volumus,
421 2469 545 2535 dederis
569 2473 602 2534 et
623 2472 791 2553 praeterea
814 2467 993 2553 ἐγγηραμα.
1027 2468 1116 2534 Nsm
1138 2471 1192 2536 ills

232 2555 301 2621 Silii
316 2560 350 2622 et
361 2557 461 2622 Drusi
474 2579 542 2624 non
561 2558 639 2622 satis
655 2553 906 2623 oluedsorrorcxd
927 2557 1008 2622 mihi
1029 2557 1192 2642 videntum

232 2644 309 2729 quid
331 2645 440 2710 enim?
476 2646 585 2712 sedere
611 2649 699 2712 totos
727 2645 794 2712 dies
823 2646 858 2710 in
881 2646 970 2710 villa!
1002 2645 1067 2712 ista
1093 2647 1193 2734 igitur

231 2733 355 2818 malim,
386 2733 526 2817 primum
553 2733 706 2819 Othonis,
736 2733 851 2800 deiude
874 2731 1019 2800 Clodiae:
1057 2735 1085 2799 si
1112 2735 1193 2802 nihil

230 2822 296 2905 fiet,
318 2824 377 2888 sut
393 2820 500 2886 Druso
522 2821 618 2896 ludus
641 2825 691 2889 est
713 2822 934 2908 suggerendus
957 2825 1015 2889 aut
1036 2823 1193 2890 utendum

204 2910 424 2976 aTusoulano.
470 2908 563 2986 Quod
585 2910 673 2976 domi
698 2913 732 2977 te
761 2911 934 2994 inclusisti,
965 2913 1051 2976 reete
1078 2911 1193 2995 fecisti,

232 2998 297 3082 sed,
320 3019 448 3083 quaeso,
471 2997 593 3063 eoufiee
616 3001 650 3064 et
670 3001 703 3064 te
728 3019 863 3064 vacuum
876 2997 972 3064 redde
986 2999 1091 3064 nobis.
1120 2998 1192 3086 Ego

230 3085 320 3170 hine,
351 3091 389 3152 ut
420 3085 533 3172 scripsi
565 3089 675 3172 antea,
705 3087 861 3171 postridie
892 3086 970 3152 Idus
1002 3085 1193 3174 Lanuvium,

301 3312 353 3382 Ep.
372 3319 416 3380 43,
435 3321 459 3370 2.
491 3315 550 3382 sed,
568 3316 594 3370 si
611 3316 666 3368 ista
689 3315 750 3384 (ve,
769 3330 792 3368 o.
812 3330 840 3368 o:
859 3313 906 3382 0.).
935 3313 996 3371 Om.
1015 3315 1063 3370 sed
1080 3315 1192 3370 MRIB.

230 3381 282 3452 Ep.
301 3387 345 3452 44,
364 3389 388 3436 2.
411 3383 599 3440 Tusculanum
616 3383 722 3453 (MR.)?
760 3389 785 3438 3.
802 3385 936 3451 ructasse.
956 3385 1033 3455 (W.).
1050 3387 1191 3453 rationes.

231 3451 326 3522 vulgo.
340 3483 376 3493 -
389 3452 549 3508 Maeuium
563 3455 626 3522 (a).
646 3456 725 3509 Ione
735 3454 764 3509 h.
784 3454 861 3510 Iamo?
873 3455 911 3510 M.
930 3455 997 3512 Ion.
1012 3467 1083 3525 uae.
1103 3457 1193 3522 Iona·

231 3523 308 3576 arius
326 3523 343 3591 β
362 3523 412 3591 (l).
438 3522 563 3579 Luam&
580 3523 655 3580 corr.
674 3524 755 3595 conj„
773 3524 804 3579 B.
