2484 3974
202 237 463 294 EPISTOLARUM
480 237 531 292 AD
549 235 718 293 ATTIOUM
736 237 784 290 IX.
805 239 846 290 15.
938 229 1002 296 337

55 382 182 448 mittam:
211 386 248 448 tn
271 404 359 448 nuno
381 383 471 448 omni
494 405 601 448 amore
625 383 760 465 enitere,
782 383 820 445 ut
841 400 902 444 nos
925 393 1029 442 aurae

53 473 102 533 tua
123 473 155 535 εὴ
176 470 350 554 prudentia
371 472 469 537 iuves.
514 471 566 536 Ita
589 471 696 536 subito
720 469 870 553 assumit,
902 469 1003 532 utne

53 556 82 620 Τ.
96 557 244 626 Rebilum
262 560 401 644 quidem,
422 564 460 626 ut
482 559 721 644 constitueram,
742 559 863 642 possim
886 555 1003 640 videre,

52 648 151 714 omnia
173 649 268 714 nobis
291 648 458 733 imparatis
481 648 620 734 agenda3
643 648 698 712 sed
716 650 826 712 tamen
839 639 922 710 ἄλλα
940 639 1003 728 μὲν

52 728 153 819 αὐτός,
175 741 213 802 ut
236 737 283 803 ait
303 737 368 822 ille,
390 732 474 802 ἄλλα
497 733 534 802 δὲ
552 733 607 802 καὶ
631 737 761 820 δαίμων
782 727 1002 818 trostmar:

52 823 197 909 quidquid
220 847 330 912 egero,
361 826 516 891 continuo
544 826 633 890 scies.
677 824 834 890 Mandata
856 820 1002 888 Caesaris

52 912 87 976 ad
114 916 262 980 consules
294 915 394 980 etad
423 914 627 999 Pompeium,
658 935 739 998 quae
771 932 882 998 rogas,
912 910 1003 976 nulla-

52 999 146 1068 bobeo
168 1003 191 1084 †
214 1007 247 1068 et
274 1003 435 1088 descripta
462 1003 573 1068 attulit
598 1003 655 1067 illa
677 1025 695 1067 e
717 1001 770 1068 via
796 1000 870 1066 misi
897 999 938 1064 ad
960 1001 1002 1082 te,

52 1090 200 1174 equibus
229 1091 384 1156 mandata
409 1095 490 1177 puto
516 1091 654 1177 intelligi
683 1111 788 1175 posse.
832 1087 1002 1172 Philippus

52 1175 181 1262 Neapoli
203 1185 262 1264 est,
284 1181 442 1246 Lentulus
455 1181 612 1264 Puteolis3
635 1180 674 1244 de
688 1178 842 1262 Domitio,
863 1179 901 1242 ut
913 1176 1002 1260 facis,

53 1266 215 1353 sciscitare,
236 1269 294 1334 ubi
308 1270 359 1354 sit,
376 1269 453 1354 qnid
467 1270 596 1355 cogitet.
623 1267 717 1344 Quod
731 1267 843 1332 scribis
857 1265 1001 1350 asperius
1015 1275 1028 1315 ⁵

53 1375 110 1457 me,
141 1378 238 1441 quam
260 1359 323 1423 mei
345 1359 512 1442 patiantur
533 1379 652 1460 mores,
684 1357 723 1422 de
746 1355 903 1457 Dionysio
927 1353 1002 1419 scri·

52 1463 167 1598 tlte
188 1446 285 1600 ils
306 1445 1002 1620 ttrfflgtlllhtlftffiat

54 1640 142 1707 quam
163 1644 229 1706 me,
251 1645 341 1706 nam,
363 1627 588 1708 praeterquam
611 1622 697 1706 quod
719 1625 752 1688 te
774 1622 897 1688 moveri
919 1620 1001 1685 arbi-

54 1707 116 1773 tror
136 1715 283 1795 oportere
312 1713 442 1795 iniuria,
475 1733 556 1796 quae
583 1712 663 1775 mihi
685 1733 705 1775 a
728 1733 888 1795 quoquam
914 1710 1003 1774 facta

54 1796 105 1881 sit,
126 1803 291 1883 praeterea
319 1804 352 1864 te
374 1802 480 1884 ipsum
504 1799 643 1884 quodam
665 1800 762 1865 modo
784 1801 838 1865 hic
860 1798 1002 1882 violavit,

55 1903 144 1968 quum
165 1889 201 1952 in
223 1910 275 1953 me
297 1891 365 1952 tom
386 1888 552 1973 improbus
575 1889 646 1954 fuit.
679 1887 752 1972 Sed,
773 1891 810 1954 tu
832 1887 865 1952 id
888 1887 1003 1972 quanti

55 1976 203 2061 aestimes,
224 1981 318 2042 tuum
330 1976 484 2044 iudicium
505 1981 565 2062 est,
586 1998 646 2043 neo
668 1980 778 2041 tamen
799 1977 835 2040 in
856 1976 920 2041 hoc
941 1976 1002 2040 tibi

56 2064 219 2150 quidquam
247 2067 354 2131 oneris
385 2067 531 2154 impono,
563 2087 623 2152 ego
656 2068 763 2130 antem
795 2065 887 2128 illum
917 2065 1002 2129 male

56 2171 160 2218 sanum
182 2177 309 2240 semper
330 2155 451 2240 putavi,
473 2155 674 2220 nuncetiam
695 2154 859 2238 impurum
881 2156 913 2217 et
937 2173 1001 2218 sce-

55 2239 180 2308 leratum
211 2249 307 2329 puto,
338 2266 397 2309 nec
424 2249 535 2310 tamen
561 2243 640 2308 mihi
667 2241 878 2308 inimiciorem
905 2262 1002 2326 quam

56 2329 117 2394 sibi.
142 2331 333 2419 Philargyro
357 2334 438 2398 bene
453 2333 586 2418 curasti,
608 2353 737 2398 causam
752 2334 837 2396 certe
859 2330 1002 2396 habuisti

56 2420 84 2481 et
102 2441 208 2486 veram
231 2424 265 2486 εὴ
285 2423 416 2487 bonam:
439 2423 586 2487 relictum
609 2442 678 2486 esse
700 2441 751 2486 me
773 2419 882 2506 potius
905 2441 1002 2504 quam

56 2507 218 2593 reliquisse.

113 2597 217 2674 Quum
232 2599 391 2665 dedissem
403 2599 469 2665 iam
490 2601 615 2665 litteras
629 2622 658 2666 a.
672 2600 702 2664 d.
716 2617 785 2665 vm.
798 2597 881 2683 Kal,
902 2598 1002 2684 pueri,
1015 2619 1030 2663 c

57 2705 127 2766 quos
158 2709 232 2753 oum
259 2687 361 2754 Matio
393 2693 427 2754 et
452 2689 604 2754 Trebatio
637 2688 800 2773 miseram,
832 2689 1003 2773 epistolam

55 2774 124 2838 nihi
146 2777 326 2842 attulerunt
346 2778 409 2843 hoc
432 2779 589 2862 exemplo:

115 2897 268 2966 „MATIUS
287 2897 335 2952 ΕΤ
353 2897 557 2954 TREBATIUS
576 2897 749 2955 CICERONI
766 2899 839 2955 IMP.
855 2898 931 2954 SAL.

111 3005 216 3084 Quum
229 3003 341 3092 Capua
354 3008 538 3094 exissemus,
560 3009 595 3073 in
607 3009 722 3075 itinere
737 3007 895 3075 audiimns
908 3007 1002 3074 Pom·

114 3161 164 3234 Ep.
186 3169 228 3228 15,
247 3171 273 3220 4.
300 3163 384 3221 babeo
402 3166 552 3234 descripta:
570 3181 639 3236 quoe
657 3171 716 3232 ott,
733 3165 785 3220 cilo
804 3164 888 3234 (W.)?
918 3167 959 3220 h..·
976 3183 1000 3236 q.

55 3230 77 3284 d.
94 3239 149 3300 ott,
165 3237 185 3290 i.
205 3235 248 3302 R,
267 3241 315 3304 aa,
334 3252 356 3291 c.
376 3265 410 3277 -·
429 3237 466 3292 ud
484 3242 509 3291 tc
527 3242 598 3303 arde,
616 3253 630 3292 c
647 3253 671 3306 q.
691 3236 757 3305 (Z.)?
808 3241 833 3290 5.
867 3235 919 3292 Pb.
938 3238 1002 3292 bene

54 3307 161 3370 curuat-
179 3322 200 3361 c.
220 3306 269 3374 (Z,
288 3323 338 3374 vu,
358 3323 381 3362 c.
400 3324 428 3362 o:
447 3307 496 3377 0.).
522 3308 574 3362 Pb.
593 3309 634 3374 b‚;
651 3323 763 3362 causum
781 3307 893 3380 (Mlph.
912 3310 942 3362 et
959 3309 1002 3376 R,

54 3375 96 3426 sed
112 3378 179 3432 haec
197 3377 242 3432 De
261 3377 313 3432 Pb.
333 3379 373 3444 b.;
400 3395 432 3446 c,
455 3378 517 3449 B.)?
567 3385 592 3434 6.
624 3394 691 3447 quos
709 3395 730 3434 c.
751 3379 844 3433 Matio
858 3395 961 3448 pucros
977 3385 1002 3434 ct

56 3441 96 3498 Tr.
113 3447 196 3517 (W.)?
214 3465 238 3518 q.
253 3466 285 3517 p.
303 3465 324 3502 c.
346 3449 389 3504 Μ.
408 3454 435 3504 ct
453 3449 485 3503 Τ.
506 3451 563 3518 (aa,
582 3450 635 3519 o.)?
662 3466 686 3518 p.
705 3465 727 3503 o.
748 3449 791 3503 M.
805 3449 890 3518 picea
908 3455 932 3504 et
953 3451 1000 3505 Tr.

54 3517 172 3651 &affl
183 3518 327 3658 Μέἱῇἢβ.
343 3551 376 3560 -
395 3521 535 3576 auditibus
549 3521 605 3590 (u).
625 3521 753 3575 cudimus
766 3520 825 3575 Ml.
844 3522 1001 3577 audicimus

100 3674 208 3718 Ciceronis
226 3679 290 3724 colet.
303 3677 335 3720 Π.
805 3685 839 3732 2⁴2
944 3729 948 3735 ,
