2594 3976
228 210 486 267 EPISTOLARUM
503 212 553 268 AD
571 212 735 270 raulcurt
753 214 826 271 XIV.
847 222 888 271 18.
908 223 950 272 19.
1004 215 1070 282 535

545 429 634 495 XIX.

207 545 265 602 Sor.
285 515 315 603 iri
333 547 503 619 Pompeiano
522 549 595 606 VIII.
614 551 655 606 Id.
673 551 762 606 Maias
781 567 805 605 a.
824 568 851 604 u.
870 567 894 605 r.
914 556 974 609 ⁷10.

446 654 576 712 CICERO
595 657 736 714 ATTICO.

178 759 284 828 Nonis
306 763 401 830 Maiis
424 787 523 850 quum
546 789 649 834 essem
670 767 706 832 in
728 766 939 852 Pompeiano,
962 768 1097 854 accepir
1178 755 1182 762 ’

109 849 207 915 binas
231 856 297 916 ate
318 854 453 939 litteras,
476 856 594 921 alteras
616 860 706 922 sexto
730 857 791 942 die,
814 856 931 922 alteras
945 860 1070 941 quarto.

109 937 165 1004 Ad
190 941 368 1024 superiores
395 943 496 1030 igitur
523 945 621 1028 prius.
666 943 771 1021 Quem
793 945 873 1010 mihi
895 945 1071 1010 iucundum

108 1031 294 1113 opportune
308 1031 369 1096 tibi
382 1030 566 1098 Barnaeum
578 1033 703 1098 litteras
716 1033 907 1100 reddidisse!
930 1033 980 1098 Tu
995 1054 1070 1098 vero

110 1138 187 1181 cum
202 1115 322 1204 (lessio,
344 1124 382 1185 ut
404 1124 523 1206 eetera3
547 1143 644 1206 quam
664 1123 830 1189 commode
845 1124 962 1207 autem,
985 1122 1071 1206 quod

110 1205 146 1270 id
169 1205 292 1292 ipsum,
314 1209 400 1294 quod
422 1231 473 1274 me
496 1232 617 1294 mones,
639 1211 811 1295 quatriduo
834 1214 910 1276 ante
933 1211 974 1276 ad
997 1233 1070 1274 eum

108 1293 304 1379 scripseram
334 1298 576 1384 exemplumque
606 1321 749 1366 mearum
771 1301 952 1382 litterarum
976 1299 1016 1363 ad
1038 1302 1071 1363 te

110 1383 276 1450 miseram!
314 1386 383 1471 sed,
405 1409 504 1471 quum
527 1409 566 1452 ex
587 1387 776 1478 Dolabellae
799 1390 820 1469 †
843 1388 937 1452 aritia
960 1423 1002 1434 -
1026 1388 1071 1453 sic

111 1472 199 1538 enim
227 1475 264 1537 tu
291 1473 332 1539 ad
359 1497 409 1540 me
437 1475 675 1561 scripseras-
699 1498 819 1564 magna
848 1476 1071 1562 desperatione

108 1561 247 1626 affectus
271 1583 388 1649 essem,
424 1586 496 1629 ecce
523 1565 583 1630 tibi
611 1569 644 1630 et
665 1563 760 1631 Bruti
783 1569 816 1631 et
837 1568 913 1630 tuae
936 1565 1071 1630 litterae.
1132 1635 1137 1643 .

109 1648 174 1714 Ille
205 1651 352 1716 exsilium
383 1653 543 1738 meditari3
579 1676 640 1720 nos
672 1658 780 1720 autem
812 1655 911 1719 alium
942 1657 1072 1739 portum

110 1739 298 1824 propiorem
320 1741 396 1805 huic
419 1743 519 1807 aetati
541 1743 739 1810 videbamus:
766 1745 802 1809 in
825 1765 921 1829 quem
943 1743 1072 1808 mallem

111 1827 262 1912 equidem
292 1830 428 1914 pervehi
451 1831 585 1898 florente
612 1831 715 1898 Bruto
739 1837 851 1899 nostro
881 1832 1072 1896 constituta-

109 1939 176 2001 que
199 1939 233 1982 re
256 1918 399 2004 publica3
427 1919 483 1984 sed
505 1941 593 1985 nunc
616 1921 757 2005 quidem,
788 1924 826 1985 ut
848 1919 975 2003 scribis,
1004 1941 1072 1983 non

111 2006 286 2091 utrumvis,
318 2008 483 2073 assentiris
507 2010 592 2073 enim
620 2007 700 2078 mihi
722 2012 867 2074 nostram
891 2010 1030 2071 aetatem
1053 2029 1073 2070 a

112 2096 242 2179 castris,
274 2097 463 2180 praesertim
491 2096 651 2181 civilibus,
682 2095 863 2162 abhorrere.
908 2094 1099 2160 Antoniuss

109 2183 156 2248 ad
179 2206 230 2248 me
252 2187 381 2249 tantum
395 2184 433 2250 de
449 2183 561 2250 Clodio
584 2185 757 2270 rescripsit,
779 2206 884 2250 meam
905 2183 1074 2249 lenitatem

111 2276 148 2337 et
171 2274 375 2339 clementiam
398 2279 430 2339 et
453 2273 514 2338 sibi
537 2295 605 2339 esse
629 2277 756 2359 gratam
770 2275 802 2337 et
820 2273 901 2337 mihi
913 2272 1074 2357 voluptati

111 2383 253 2448 magnae
279 2362 363 2445 fore3
396 2363 451 2427 sed
477 2361 585 2427 Pansa
611 2362 717 2426 furere
744 2361 870 2426 videtur
897 2361 936 2426 de
959 2359 1072 2426 Clodio

110 2451 255 2535 itemque
288 2451 327 2516 de
354 2451 508 2517 Deiotaro
541 2454 574 2515 et
604 2451 748 2535 loquitur
779 2471 903 2534 serere,
935 2450 963 2514 si
993 2449 1073 2514 velis

112 2539 257 2623 credere,
292 2539 373 2604 illud
401 2544 512 2604 tamen
538 2557 606 2606 non
636 2539 734 2623 belle,
765 2542 803 2603 ut
833 2539 913 2604 mihi
945 2537 1074 2622 quidem

113 2627 257 2712 videtur,
288 2628 375 2712 quod
405 2628 529 2693 factum
560 2627 748 2693 Dolabellae
779 2627 985 2692 vehementer
1015 2627 1073 2691 im·

113 2717 241 2802 probat
285 2715 335 2782 De
362 2717 538 2801 coronatis,
569 2738 669 2801 quum
696 2715 816 2781 sororis
842 2718 917 2780 tuae
944 2715 1030 2780 filius
1054 2733 1100 2779 aa

113 2810 208 2892 patre
231 2810 399 2872 accusatus
414 2808 507 2889 esset,
529 2805 693 2889 rescripsit
707 2827 740 2870 se
755 2825 908 2870 coronam
921 2803 1073 2868 habuisse

112 2893 249 2960 honoris
273 2892 419 2960 (laeseris
442 2915 556 2977 causa,
578 2893 724 2978 posuisse
746 2894 853 2958 luctus
876 2893 995 2977 gratia,
1016 2913 1073 2976 po-

113 2987 235 3049 stremo
275 3005 309 3049 se
350 2983 488 3048 libenter
525 2983 795 3067 vituperationem
831 2981 952 3064 subire,
987 2979 1073 3064 quod

113 3076 241 3137 amaret
263 3073 361 3136 etiam
383 3075 547 3136 mortuum
570 3067 748 3136 Caesarem.
786 3067 839 3135 Ad
861 3067 1101 3152 Dolabellam*

113 3161 386 3246 quemadmodum
408 3159 469 3224 tibi
492 3159 570 3225 dicis
593 3160 728 3244 placere,
751 3159 865 3244 scripsi
888 3157 1075 3244 diligentem

114 3270 178 3337 ego
201 3250 299 3316 etiam
322 3249 363 3314 ad
381 3246 518 3314 Siccam:
541 3248 602 3312 tibi
621 3247 686 3313 boc
709 3247 816 3313 oneris
838 3267 906 3312 non
928 3246 1075 3333 impon03

188 3425 240 3495 Ep.
261 3431 302 3493 19,
322 3431 336 3479 1
371 3440 405 3478 ccc
422 3423 522 3480 Dolcb.
543 3425 576 3492 (o.
595 3439 624 3477 e:
643 3421 681 3492 0.,
699 3427 760 3490 ra).
781 3421 841 3476 Om.
860 3437 893 3476 cre
910 3422 1027 3480 MRIB.
1041 3453 1076 3463 -

111 3499 241 3566 Mettio
260 3497 321 3565 (vc,
339 3493 434 3563 mnu,
453 3495 542 3565 On).
575 3494 698 3550 ovantia
715 3494 771 3563 (m,
789 3491 851 3562 Bt?
886 3525 920 3538 ·-
947 3494 1076 3567 potitam

112 3569 164 3630 scd
182 3567 230 3640 (W
231 3570 257 3639 .).
273 3584 302 3638 p.
322 3565 376 3624 Sec
396 3566 490 3641 vulgo.
