2594 3976
220 243 479 320 armachanam
496 245 547 301 AD
565 244 729 304 ΑΤΤΙΟΠΜ
747 245 820 302 XIV.
840 251 916 302 o-8.
989 244 1056 313 515

95 389 324 456 honestissime
340 389 621 475 copiosissimeque
634 394 796 456 tueamurc
818 389 881 456 hoc
895 392 928 455 et
941 393 1056 474 cetera,

95 500 179 563 quae
203 479 244 543 ad
257 499 318 543 nos
339 479 558 564 pertinebunt,
579 482 617 546 ut
630 480 723 564 soles,
746 479 914 564 cogitabis,
936 477 977 543 ad
991 499 1055 543 me

95 589 159 652 que
187 570 247 645 aut
271 567 357 656 quod
380 567 421 632 ad
447 589 517 633 rem
542 567 704 651 pertineat
730 569 801 653 aut,
832 565 965 634 sinihil
987 567 1057 652 erit,

96 653 185 740 quod
207 655 243 720 in
264 653 399 721 buccam
421 654 545 722 venerit
567 652 696 734 scribes.

513 882 623 985 'vin

134 1039 193 1094 Ser.
212 1039 242 1096 in
261 1037 429 1095 Sinuessano
448 1057 472 1096 a.
492 1041 518 1096 d.
537 1039 627 1096 xvss:
643 1039 705 1096 Kal.
724 1039 813 1096 Maias
832 1056 857 1097 a.
877 1057 904 1096 a.
924 1057 947 1094 c.
963 1045 1021 1095 710.
1154 1108 1158 1125 ι

374 1145 523 1202 CICERO
541 1137 692 1206 ATTICO
709 1146 792 1203 SAL.

166 1251 217 1317 'l'n
245 1273 296 1318 me
325 1253 391 1320 iam
417 1255 543 1339 rebare,
575 1277 674 1340 quum
706 1255 880 1340 scribebas,
911 1255 948 1319 in
978 1254 1084 1320 actim

98 1363 170 1409 esse
193 1342 329 1407 nostris:
353 1345 388 1406 at
410 1345 594 1431 egoaccepi
614 1363 696 1410 xv11.
709 1343 781 1410 Kal.
794 1344 830 1409 in
843 1343 1059 1410 deversoriolo

98 1429 298 1498 Sinuessano
320 1433 394 1496 tuas
407 1432 541 1498 litterae.
568 1432 617 1498 De
632 1433 735 1499 Mario
749 1429 860 1517 probe,
882 1432 944 1497 etsi
966 1431 1059 1497 doleo

98 1518 135 1584 L.
150 1517 261 1583 Crassi
282 1523 447 1604 nepotem,
471 1521 592 1604 optime
614 1521 679 1586 iam
700 1521 799 1586 etiam
820 1520 923 1586 Bruto
946 1522 1059 1585 nostro

98 1606 232 1692 probari
254 1605 448 1674 Antonium:
484 1630 575 1693 nam,
599 1610 684 1694 quod
705 1609 833 1674 Iuniam
857 1609 970 1674 scribis
992 1629 1059 1673 mo

99 1696 210 1760 derata
249 1699 281 1760 et
317 1696 418 1762 amice
451 1697 586 1782 scriptas
621 1698 746 1764 litteras
783 1698 945 1783 attulisse,
979 1696 1060 1761 mihi

97 1784 233 1857 Paullus
257 1783 335 1849 dicit
357 1784 398 1848 ad
428 1806 461 1849 se
485 1807 505 1850 a
526 1785 627 1853 fratre
649 1787 779 1872 missas,
808 1786 924 1870 quibus
950 1785 985 1850 in
1009 1807 1060 1850 ex·

98 1872 213 1938 tremis
236 1873 307 1936 erat
329 1872 391 1938 sibi
404 1873 538 1940 insidias
560 1875 638 1959 fieri,
662 1897 695 1940 se
708 1874 742 1939 id
756 1875 852 1939 certis
875 1873 1061 1939 auctoribus

99 1960 307 2044 comperisse3
338 1959 401 2026 hoo
432 1983 492 2028 nec
524 1963 605 2027 mihi
636 1963 785 2047 placebat
817 1964 850 2026 et
881 1961 983 2026 multo
1012 1961 1062 2025 illi

98 2049 218 2114 minus.
245 2047 390 2134 Reginae
412 2049 493 2134 fuga
515 2050 594 2115 mihi
617 2047 686 2117 non
707 2051 844 2115 molesta
864 2052 921 2114 eet.
948 2047 1061 2114 Clodia

99 2136 179 2221 quid
211 2137 326 2223 egerit,
359 2137 479 2212 scribas
512 2137 552 2202 ad
583 2159 635 2202 me
666 2139 771 2204 velim
816 2136 865 2202 De
894 2136 1062 2222 Byzantiis

100 2225 238 2308 curabis,
260 2229 298 2290 ut
320 2229 435 2309 cetera,
457 2228 491 2291 et
502 2225 655 2311 Pelopem
678 2227 720 2292 ad
741 2230 774 2290 te
797 2246 947 2290 arcessas.
977 2224 1061 2310 Ego,

100 2319 138 2378 ut
160 2314 321 2397 postulas,
352 2312 477 2380 Baiana
503 2316 636 2400 negotia
665 2315 861 2399 chorumque
887 2314 989 2397 ullum,
1022 2313 1060 2378 de

101 2423 167 2486 quo
190 2402 271 2467 scire
294 2402 356 2486 vis,
388 2425 486 2486 quum
508 2425 714 2488 perspexero,
744 2407 816 2469 tum
838 2403 991 2487 scribam,
1019 2423 1061 2467 ne

101 2489 180 2576 quid
203 2490 342 2575 ignores.
370 2488 454 2566 Quid
468 2489 561 2576 Galli,
584 2491 661 2576 quid
683 2491 831 2575 Hispani,
854 2491 931 2576 qnid
946 2489 1088 2556 Sextusa

98 2581 189 2664 agat,
212 2579 418 2644 vehementer
441 2584 605 2664 exspecto:
629 2601 667 2645 ea
681 2579 802 2644 cilicet
814 2583 852 2644 tu
875 2578 1062 2665 declarabis,

100 2666 158 2750 qui
186 2670 300 2732 cetera.
345 2665 542 2733 Nauseolem
568 2667 629 2733 tibi
655 2672 745 2734 tuam
775 2690 904 2734 causam
928 2669 987 2733 otii
1009 2669 1061 2733 de·

99 2755 187 2820 disse
217 2754 312 2820 facile
343 2755 502 2841 patiebar;
533 2756 682 2822 videbare
714 2757 801 2822 enim
832 2757 913 2821 mihi
939 2756 1062 2842 legenti

99 2848 175 2908 tuas
198 2842 322 2909 litteras
345 2844 506 2929 requiesse
529 2845 712 2929 paullisper.
745 2844 795 2910 De
808 2843 912 2910 Bruto
936 2865 1061 2928 semper

99 2931 142 2996 ad
174 2953 226 2996 me
258 2931 368 2997 omnia
398 2933 602 3017 perscribito,
638 2934 695 2999 ubi
726 2933 782 3019 sit,
819 2932 895 3016 quid
927 2932 1061 3018 cogitet:

99 3041 197 3104 quem
225 3020 355 3103 quidem
382 3041 442 3106 ego
466 3043 564 3105 ¹spero
591 3022 657 3087 iem
683 3025 755 3088 tuto
782 3020 834 3086 vel
857 3019 962 3086 solum
990 3023 1061 3086 tota

100 3109 181 3172 urbe
205 3109 316 3193 vagari
338 3130 449 3193 posse3
472 3114 694 3176 verumtamen
715 3143 768 3174 -.

172 3297 223 3372 Ep.
245 3308 268 3371 7,
287 3306 312 3358 a.
348 3304 382 3357 t:
409 3301 459 3356 boc
476 3306 501 3356 et
519 3306 605 3357 cetero
627 3303 701 3372 (Ψ).
737 3306 771 3359 t:
798 3301 864 3358 buco
881 3305 907 3356 et
924 3317 946 3356 o.
965 3300 1060 3370 vulgo.

98 3370 153 3442 Ep.
173 3377 198 3440 8,
218 3379 241 3427 1.
260 3389 303 3427 ea:
321 3376 351 3426 ot
369 3387 415 3442 epo
434 3374 550 3440 (c.-o=
570 3371 618 3428 (bt
633 3403 675 3441 —,
694 3373 731 3442 1,).
750 3373 794 3426 An
812 3389 854 3427 a:
872 3372 918 3426 scd
935 3388 956 3427 c.
976 3371 1060 3438 (W.?

98 3459 138 3507 aa,
157 3447 182 3497 et
199 3458 246 3512 epo
264 3442 340 3512 MR,
359 3441 455 3570 vulfio.
478 3459 517 3509 aa,
534 3447 566 3498 at
584 3458 631 3512 epo
649 3444 670 3499 1.
689 3473 722 3484 -
742 3447 799 3498 tom
817 3444 898 3498 ctiam
914 3441 965 3496 Br.
986 3441 1025 3510 (M
1044 3482 1059 3508 .,

99 3513 216 3584 vulgo)1?
252 3518 328 3568 tuom
351 3530 371 3568 c.
470 3514 527 3568 iam
548 3529 570 3569 c.
598 3513 699 3581 (Klotz.
724 3515 753 3568 et
774 3513 876 3568 Moseri
900 3511 981 3582 conj,
1007 3511 1058 3581 B.).

99 3591 125 3640 2.
140 3601 236 3654 peasa·
253 3599 278 3640 c.
293 3614 336 3640 -.
355 3583 430 3654 (W.).
444 3600 476 3654 p.
500 3581 532 3640 V.
550 3586 602 3638 -I
620 3581 692 3653 Seu,
710 3583 740 3638 B.

843 3673 897 3726 38*
