2574 3966
239 205 306 273 408
523 207 561 262 m
581 205 706 262 TULLH
723 204 916 261 CICERONIS

241 350 282 415 ed
304 353 337 415 te
359 353 458 415 antea
479 371 554 415 eum
568 349 679 415 statim
691 349 812 427 Quinto
825 349 893 417 filio
908 353 1018 418 omnia
1037 351 1188 470 tribuisse,

240 439 345 504 nostri
367 440 490 503 nullam
512 439 718 504 mentionem.
754 437 846 505 Vale

670 631 775 698 XXII·
913 655 918 670 .

268 752 326 810 Sar.
344 752 488 810 Brundisii
506 755 624 810 meante
641 770 738 809 mense
756 753 855 881 {qqtih
874 757 951 826 (post
968 756 1016 811 VI.
1034 755 1066 812 K.
1085 756 1160 827 Sept)

626 841 651 879 a
671 843 698 879 u
717 841 740 880 a.
813 867 820 881 .

531 928 662 985 CICERO
681 929 814 986 ATTICO
833 930 908 986 snb.

216 1061 228 1102 1
308 1039 489 1124 Diligenter
510 1038 591 1104 mibi
612 1039 801 1104 fasciculum
823 1039 963 1104 reddidit
982 1040 1077 1105 Balbi
1097 1041 1189 1105 tabel-

242 1128 358 1211 larius3
380 1128 489 1212 aoeepi
502 1127 589 1192 enim
602 1149 622 1191 a
635 1131 668 1191 te
681 1129 806 1193 litteras
806 1129 945 1213 ,quibus
958 1125 1116 1194 rideris
1089 1130 1191 1212 vereri,

242 1221 281 1282 ut
311 1177 464 1302 epistolas
495 1217 568 1280 idas
597 1217 788 1300 aooeperim:
820 1238 900 1301 quas
930 1218 1060 1320 quidem
1085 1180 1191 1282 rolleni

242 1306 324 1371 mibi
344 1325 522 1407 numquam
541 1303 697 1388 redditam
721 1310 880 1370 auxerunt
901 1307 988 1370 enim
1011 1307 1091 1371 mihi
1111 1305 1187 1372 dolo

242 1416 311 1460 rem
333 1414 402 1478 neo,
424 1395 452 1458 'si
473 1393 510 1457 in
532 1393 672 1495 aliquem
694 1393 895 1478 incidissent,
927 1394 1103 1479 quidquam
1123 1394 1191 1460 ιιοιι

242 1483 439 1566 attulissent,
460 1481 538 1566 quid
561 1482 648 1545 enim
669 1485 737 1546 tam
759 1483 985 1568 pervulgatum
1004 1505 1103 1566 quam
1115 1484 1190 1548 illius

242 1573 279 1636 in
309 1593 361 1636 me
392 1571 502 1635 odium
529 1573 562 1634 et
588 1591 692 1655 genus
723 1569 785 1634 hoo
813 1572 1017 1636 litterarum?
1049 1593 1127 1657 quas
1155 1593 1188 1635 ne

243 1657 363 1724 Caesar
389 1659 517 1742 quidem
544 1659 585 1722 ad
612 1659 692 1724 istos
719 1659 846 1724 videtur
871 1658 996 1724 misisse
1024 1682 1089 1744 quo
1115 1661 1191 1724 illius

243 1747 450 1832 improbitate
482 1746 710 1830 offenderetur,
745 1747 815 1831 sed,
850 1748 958 1832 oredo,
993 1749 1044 1813 ubi
1075 1750 1191 1814 notiora

244 1839 357 1902 nostre
378 1837 465 1901 mala
487 1838 603 1901 essent.
648 1833 747 1919 Nam,
776 1835 863 1920 quod
889 1840 922 1900 te
949 1838 1052 1901 vereri
1082 1838 1190 1918 scribiq

243 1947 286 1991 ne
307 1925 356 1990 illi
378 1925 500 2010 obsint,
532 1925 623 2007 eique
644 1924 693 1988 rei
715 1925 848 2008 mederi,
878 1945 920 1989 ne
941 1927 1052 2010 rogari
1075 1926 1191 2010 quidem

245 2037 279 2080 se
301 2035 416 2100 pomus
439 2015 489 2078 est
511 2013 550 2078 de
572 2013 642 2076 illo:
669 2011 756 2096 quod
778 2013 907 2096 quidem
929 2013 1009 2077 mihi
1031 2015 1193 2080 molestum

243 2125 313 2168 non
335 2107 397 2186 est3
418 2102 499 2167 illud
512 2100 689 2184 molestius,
710 2101 790 2164 istas
808 2101 1051 2186 impetrationes
1074 2106 1192 2168 nostrae

217 2191 327 2257 anihil
348 2193 464 2256 valere.
509 2188 613 2272 Sulla,
643 2192 680 2254 ut
707 2189 837 2273 opinor,
868 2211 938 2254 oras
965 2191 1029 2255 erit
1053 2190 1108 2255 hio
1130 2213 1192 2256 oum

245 2279 410 2345 Messalla:
442 2282 576 2344 eumunt
606 2277 647 2342 ad
674 2277 766 2342 illum
792 2278 878 2362 pulsi
905 2301 925 2342 a
946 2279 1117 2363 militibus,
1148 2278 1193 2363 qui

245 2390 279 2432 se
301 2371 426 2454 negant
447 2389 598 2451 usquam,
630 2366 693 2430 nisi
716 2367 907 2449 acceperint.
950 2365 1041 2452 Ergo
1063 2368 1118 2432 ille
1140 2368 1192 2432 huo

245 2456 354 2520 veniet
384 2491 427 2502 -
459 2456 545 2540 quod
576 2475 644 2520 non
674 2454 836 2538 putabant
862 2491 914 2539 -,
942 2456 1034 2521 tarde
1067 2456 1194 2539 quidem,

244 2543 363 2608 itinera
385 2543 471 2608 enim
492 2543 539 2608 ita
554 2543 643 2626 facit,
664 2547 702 2607 ut
724 2543 844 2608 multos
865 2543 934 2609 dies
955 2544 993 2610 in
1013 2545 1192 2629 'soppidum

245 2636 356 2718 ponat,
378 2631 697 2715 Pharnacesautem,
719 2633 965 2715 quoquomodo
986 2637 1071 2717 aget,
1094 2633 1194 2697 afferet

245 2740 379 2788 moram.
406 2718 584 2797 Quidnam
605 2723 705 2806 1gltur
718 2721 882 2784 oensesi'
872 2743 938 2785 iam
960 2721 1048 2785 enim
1071 2741 1194 2806 corpore

245 2812 300 2876 ιιι
322 2810 465 2876 sustineo
480 2809 673 2895 gravitatem
695 2806 791 2872 buius
805 2808 894 2893 caeli,
916 2831 998 2894 quae
1012 2809 1094 2874 mihi
1115 2810 1194 2874 labo

245 2921 314 2964 rem
337 2898 461 2964 affert
451 2919 487 2962 m
510 2897 628 2962 dolore.
655 2895 710 2960 An
723 2895 775 2960 bis
788 2897 865 2962 illue
879 2898 1029 2964 euntibus
1046 2897 1195 2978 mandem,

245 2992 284 3052 ut
314 2981 376 3052 me*
397 2989 563 3067 excusent,
598 2985 668 3069 ipse
700 2985 848 3049 accedam
883 2985 1040 3070 propius?
1077 3007 1193 3071 quaeso,

247 3075 387 3160 attende,
409 3079 442 3140 t
454 3095 506 3138 me
506 3073 620 3158 ,quod
634 3071 739 3136 adhue
753 3094 848 3158 saepe
862 3077 996 3158 rogatus
1009 3094 1079 3139 non
1091 3073 1194 3154 fecisti,

317 3267 369 3350 Ep.
388 3271 431 3336 22,
451 3273 473 3321 1
496 3280 566 3334 qaae
582 3279 617 3319 aa
635 3262 738 3318 domur
756 3263 901 3333 (Kayseru)
919 3265 993 3335 qaod
1009 3282 1044 3320 ιιι
1063 3266 1092 3322 0.
1110 3265 1191 3334 vulgo.

242 3309 641 3488 sawt&
611 3406 656 3472 a,
642 3333 898 3475 iuuene
929 3342 974 3461 is
988 3337 1194 3532 iffi

244 3477 387 3615 131),ssth
391 3475 526 3530 exciderit
543 3475 724 3544 ὶεραιίοιιιῖιιιι
742 3474 870 3531 similare
888 3475 996 3546 aliquid
1015 3479 1026 3544 (
1072 3479 1101 3546 γι)
1130 3491 1187 3534 sao
