2510 3958
239 233 305 298 288
521 233 557 289 Μ.
576 230 701 288 TULLII
717 229 909 288 CICERONIS

697 447 737 512 A
850 469 852 472 .

388 568 446 624 Sor.
465 567 558 623 medio
575 583 669 623 mense
688 567 840 623 Februario
860 583 884 623 a
903 583 930 622 u.
949 583 973 621 c.
994 571 1054 623 tot.

336 672 395 730 CN.
413 672 565 729 MAGNUS
584 672 731 730 PRCCOS.
750 672 778 729 S.
797 672 830 730 D.
850 670 880 727 C.
899 669 1099 727 MARCELLO

547 744 579 800 L.
597 742 770 799 LENTULO
789 740 885 798 COSS.

217 839 229 882 ²
305 851 388 939 Ego,
410 852 497 937 quod
519 853 741 917 existimabam
755 851 916 936 dispersos
939 872 1001 917 nos
1023 871 1127 937 neque
1149 850 1191 914 rei

238 942 386 1094 pdublicae
405 942 643 1094 dlllesnneqle
674 940 783 1094 nolllle
799 939 959 1041 praesidio
991 960 1063 1042 esse
1093 959 1191 1089 poss&

238 1051 357 1095 rcrrco
385 1051 405 1094 a
478 1078 484 1094 .
539 1050 686 1094 onnrum
784 1049 837 1092 ras
864 1049 937 1092 misr
1005 1048 1121 1092 nurum
1148 1049 1167 1090 u

238 1118 308 1202 ipse
332 1139 404 1184 cum
428 1117 515 1183 omni
539 1117 632 1201 copia
646 1117 686 1181 ad
700 1139 760 1183 nos
775 1116 913 1200 reniret3
937 1077 965 1181 li
981 1049 1028 1179 Ide
1051 1137 1085 1180 se
1107 1114 1190 1180 dubi·

238 1209 337 1289 taret,
368 1210 405 1270 ut
434 1205 582 1271 cohortes
608 1223 724 1289 mm„
756 1225 838 1289 quae
866 1225 905 1268 ex
931 1201 1050 1269 Piceno
1080 1203 1119 1268 od
1145 1223 1190 1266 me

240 1293 302 1358 iter
323 1293 500 1376 habebant,
530 1293 571 1358 ad
592 1315 653 1359 nos
675 1294 832 1358 mitteret:
865 1291 951 1377 quod
973 1292 1095 1356 veritus
1117 1312 1189 1370 sum,

225 1383 370 1733 gotum·
385 1384 443 1465 cst,
465 1385 502 1447 ut
515 1380 678 1447 Domitius
695 1381 922 1466 implicaretur,
944 1383 982 1445 ut
1003 1401 1108 1465 neque
1127 1379 1189 1461 ipse

241 1469 320 1535 satis
351 1469 461 1534 firmus
494 1474 578 1534 esset
605 1468 645 1534 ad
673 1474 779 1534 castra
803 1468 965 1552 facienda,
997 1468 1083 1552 quod
1110 1479 1189 1531 meas
1244 1509 1245 1516 κ

264 1575 346 1623 vnn.
369 1561 402 1622 et
424 1580 498 1623 suas
521 1575 578 1623 ΧΠ.
601 1558 749 1623 cohortes
772 1557 875 1622 tribus
894 1557 929 1621 in
943 1556 1071 1640 oppidis
1094 1555 1188 1620 distri·

263 1649 336 1710 utas
364 1646 500 1711 haberet
523 1682 565 1694 -
588 1667 665 1711 nam
692 1645 810 1732 partim
832 1645 950 1729 Albae,
982 1645 1101 1728 partim
1127 1641 1188 1708 Sul·

240 1755 336 1798 mone
363 1735 533 1800 collocavit
560 1771 616 1819 -‚
647 1756 752 1819 neque
778 1753 823 1819 sc,
854 1734 882 1799 si
907 1733 1019 1816 vellet,
1051 1732 1188 1817 expedire

214 1825 358 1905 rposset
397 1820 494 1887 Nunc
521 1822 635 1888 scitote
662 1844 713 1886 me
741 1843 810 1888 esse
839 1822 874 1886 in
897 1843 1024 1887 summa
1046 1820 1187 1887 sollicitu·
1245 1875 1246 1904 p

167 1983 170 1988 .
241 1910 329 1974 dine:
356 1932 433 1975 nam
456 1915 489 1975 et
510 1914 561 1978 tot
583 1914 616 1975 et
642 1912 723 1976 tales
746 1911 832 1976 viros
855 1910 997 1995 periculo
1022 1908 1187 1975 obsidionis

240 1999 376 2064 liberare
399 1999 493 2084 cupio
516 2021 619 2083 neque
643 1997 785 2065 subsidio
809 1999 854 2063 ire
873 2020 1015 2084 possum,
1038 1997 1124 2081 quod
1143 1995 1187 2060 his

241 2086 365 2152 duabus
387 2088 570 2174 legionibus
584 2108 651 2153 non
673 2090 753 2172 puto
773 2108 842 2152 esse
864 2086 1137 2168 committendum,
1156 2086 1187 2146 ut

240 2174 317 2240 illuc
340 2176 511 2261 ducantur,
534 2175 710 2260 exquibus
733 2178 843 2240 tamen
864 2196 933 2240 non
956 2175 1094 2259 amplius
1115 2189 1187 2236 xnss.
1246 2241 1247 2256 1

241 2264 389 2330 cohortes
419 2264 607 2330 contrahere
631 2264 735 2348 potui,
768 2263 853 2348 quod
876 2261 1085 2327 Brundisium
1107 2259 1187 2300 *²¹*

241 2352 315 2417 misi
336 2373 441 2436 neque
463 2351 639 2418 Canusium
663 2353 731 2416 sine
752 2351 923 2435 praesidio,
945 2350 1022 2415 dum
1045 2352 1187 2427 abessem,

215 2440 353 2523 eputari
385 2461 454 2505 esse
492 2439 727 2505 dimittendum.
780 2438 821 2504 D.
856 2437 965 2504 Laelio
1001 2439 1187 2518 mandaram,

241 2528 328 2611 quod
349 2528 486 2593 maiores
514 2529 623 2613 copias
651 2528 820 2612 sperabam
849 2549 909 2592 nos
940 2527 1122 2611 habituros,
1150 2527 1187 2608 ut

242 2615 270 2680 si
292 2615 383 2680 vobis
406 2614 576 2700 videretur,
598 2616 753 2682 alteruter
770 2618 913 2681 vestrum
927 2615 967 2680 ad
990 2635 1042 2680 me
1065 2613 1187 2694 veniret,

241 2704 323 2768 alter
349 2704 385 2768 in
412 2701 553 2768 Siciliam
581 2725 654 2769 eum
682 2726 720 2769 ea
742 2705 852 2789 copia,
884 2726 982 2789 quam
1009 2702 1137 2789 Capuae

241 2789 528 2878 chQCapuam
551 2793 774 2880 comparastis„
810 2795 843 2856 et
869 2778 1066 2858 cuff'
1119 2791 1187 2872 bus,

241 2903 322 2965 quos
344 2879 484 2945 Faustus
510 2873 605 2965 Egit,
637 2875 904 2966 proficisceretur,
935 2879 1097 2966 Domitius
1123 2899 1186 2944 aum

241 2987 298 3034 ΧΠ.
331 2969 397 3035 suis
427 2969 613 3035 cohortibus
641 2969 753 3034 eodem
785 2969 1025 3055 adiungeretur,
1057 2969 1185 3052 reliquae

241 3058 352 3142 copiae
375 3079 486 3124 omues
509 3056 716 3123 Brundisium
739 3061 930 3143 cogerentur
956 3061 989 3122 et
1011 3056 1086 3122 inde
1107 3055 1185 3121 nari·

240 3146 301 3210 bus
333 3146 570 3231 Dyrrhachium
602 3149 909 3230 transportarentur.
953 3145 1063 3230 Nunc,
1099 3164 1185 3229 quum

239 3233 303 3300 hoc
325 3237 469 3319 tempore
492 3234 594 3300 nihilo
622 3235 725 3319 magis
753 3254 813 3319 ego
843 3256 940 3319 quam
967 3255 1025 3300 ros
1055 3231 1183 3300 subsidio

310 3425 362 3496 Ep.
380 3427 422 3494 A,
443 3433 467 3481 1.
494 3433 526 3482 ut
543 3428 601 3496 ipse
619 3444 680 3484 cum
698 3428 780 3496 (vc.)?
817 3428 901 3496 impl,
920 3433 951 3482 at
968 3443 1052 3498 arque
1071 3425 1144 3494 (bil).
1161 3423 1184 3484 υἱ,

239 3513 266 3549 a.
286 3495 355 3564 (Ma,
370 3497 484 3567 vulgo)?
512 3503 536 3552 2.
555 3497 664 3554 Brund.
679 3497 835 3566 Scipionem
848 3514 910 3553 cum
923 3499 1032 3554 duabus
1045 3494 1184 3555 amasa

235 3566 369 3635 praemisi
387 3566 544 3636 (Buchel.)t
