2522 3960
242 210 307 276 184
522 210 561 267 Μ.
581 209 704 264 TULLII
722 207 913 266 CICERONIS

236 355 328 422 nulla
341 355 383 420 ad
396 353 614 421 decedendum
632 355 693 420 erit
710 353 831 421 mora“:
855 356 986 421 mallem
1004 359 1060 442 ,ut
1072 353 1195 442 video·,“

210 444 320 510 anihil
343 466 424 528 opus
446 443 511 509 fuit
531 446 587 528 „ut
609 442 731 528 spero.“
765 442 964 528 Acceperam
986 448 1097 510 autem
1121 448 1196 510 satis

238 532 383 598 celeriter
404 531 509 597 Iconii
529 552 588 616 per
609 532 857 616 publicanorum
878 533 1065 599 tabellarios
1083 555 1105 598 a
1118 532 1194 598 Len·
1253 568 1254 574 κ

237 621 300 686 tuli
320 621 485 705 triumpho
509 619 614 685 datas:
636 621 672 684 in
691 620 742 685 his
756 615 984 705 γλυκύπικρον
1006 622 1101 687 illud:
1126 642 1195 686 con-

237 709 347 774 firmas
369 731 494 775 moram
522 708 604 773 mibi
629 709 753 774 nullam
774 708 859 793 fore,
890 708 1005 775 deinde
1032 710 1140 794 addis,
1170 709 1195 772 si
1253 747 1254 750 =

238 797 316 882 quid
339 819 443 882 secus,
469 801 503 862 te
526 797 568 860 ad
589 818 641 862 me
668 817 737 861 esse
759 800 940 862 venturum.
985 796 1125 884 Angunt
1147 819 1194 860 me

238 886 456 952 dubitationes
483 888 572 969 tuae,
604 884 701 950 simul
723 887 756 950 et
777 884 881 970 vides,
911 907 991 971 quas
1019 885 1196 970 acceperim
1254 937 1255 961 ³

237 975 376 1059 litteras,
407 996 500 1058 nam,
526 995 606 1057 quas
628 972 800 1058 Hermoni,
832 973 1028 1040 centurionis
1051 970 1196 1038 Canuleii
1254 1013 1255 1052 3

238 1063 363 1147 liberto,
386 1063 498 1128 scribis
520 1064 553 1127 te
572 1061 706 1146 deduce,
727 1083 796 1126 non
809 1062 927 1146 accepi.
953 1060 1067 1128 Laeuii
1089 1062 1198 1146 pueris
1254 1117 1255 1120 ,

238 1155 271 1216 te
301 1152 425 1216 dedisse
453 1172 549 1234 saepe
575 1151 617 1215 ad
643 1171 694 1214 me
721 1149 907 1234 scripseras:
938 1172 993 1215 eas
1019 1149 1197 1215 Laodiceae

239 1240 391 1323 deniqne,
431 1261 531 1324 quum
567 1259 605 1303 eo
641 1238 814 1322 venissem,
849 1256 896 1304 111.
931 1237 1008 1303 Idus
1043 1237 1197 1303 Februar.

239 1327 379 1392 Laenius
401 1327 482 1391 mihi
503 1326 643 1391 reddidit
665 1327 758 1392 datas
780 1349 809 1391 a.
832 1327 861 1390 d.
884 1345 917 1391 x.
938 1324 1012 1392 Kal.
1031 1324 1196 1392 Octobres.

240 1414 361 1480 Laenio
392 1418 466 1480 tuas
498 1415 793 1480 commendationes
826 1418 859 1479 et
890 1415 999 1480 statim
1030 1415 1140 1480 verbis
1167 1418 1197 1478 et
1255 1469 1256 1492 ,

212 1504 363 1588 areliquo
390 1506 535 1587 tempore
561 1524 596 1567 re
622 1503 777 1589 probabo.
826 1500 898 1567 Hae
931 1501 1057 1568 litterae
1093 1506 1197 1568 cetera
1255 1559 1256 1582 ,

239 1595 349 1656 vetera
374 1592 553 1675 habebant,
583 1613 685 1657 unum
711 1590 774 1656 hoc
803 1612 937 1676 novum,
969 1590 1007 1656 de
1035 1587 1197 1676 Cibyratis
1255 1635 1256 1668 3

239 1680 415 1766 pantheris.
458 1678 600 1745 Multum
629 1683 663 1744 te
694 1701 782 1763 amo,
813 1678 899 1764 quod
929 1678 1129 1763 respondisti
1156 1677 1196 1744 M.
1255 1721 1256 1742 2

240 1767 374 1834 Octavio
401 1771 434 1832 te
461 1790 529 1833 non
556 1771 684 1853 putare,
714 1768 771 1833 sed
798 1767 934 1853 posthac
961 1767 1086 1851 omnia,
1118 1789 1195 1853 quae

239 1859 329 1922 recta
354 1878 422 1922 non
444 1859 562 1941 sumt,
593 1878 652 1941 pro
680 1859 768 1921 certo
794 1859 928 1941 negato,
958 1877 1019 1921 nos
1051 1856 1141 1921 enim
1167 1859 1196 1920 et

239 1948 353 2011 nosba
379 1948 495 2029 sponte
521 1946 604 2010 bene
630 1944 716 2009 firmi
742 1947 775 2010 et
803 1944 983 2009 mehercule
1006 1945 1196 2010 auctoritate

239 2038 298 2100 tua
319 2033 511 2098 inflammati
533 2033 667 2098 vicimus
691 2053 802 2098 omnes
815 2069 860 2080 --
872 2033 935 2098 hoc
948 2036 985 2097 tu
998 2032 1045 2097 ita
1057 2033 1196 2118 reperies

240 2145 398 2276 ὦῳιόιηι
416 2121 634 2274 abattipentiu,l
643 2124 715 2186 tum
727 2121 860 2272 iuptitia,
872 2120 1039 2222 facilitate,
1061 2121 1196 2186 clemen·

359 2231 417 2276 ave
462 2233 485 2275 u
518 2231 612 2295 squ1
635 2230 732 2293 quam
779 2230 902 2274 ommes
917 2230 1022 2294 magus
1044 2231 1195 2294 umquam

242 2321 312 2365 esse
334 2234 469 2365 miratdb
492 2320 589 2383 quam
610 2299 736 2362 nullum
757 2298 938 2362 teruncium
956 2319 1007 2361 me
1031 2298 1196 2363 obtinente
1256 2357 1257 2380 ,

241 2388 441 2470 provinciam
455 2389 602 2472 sumptus
614 2387 737 2451 factum
753 2406 822 2450 esse
832 2407 893 2450 nec
904 2385 940 2449 in
954 2386 1196 2471 rempublicam

242 2495 301 2538 nec
315 2475 350 2538 in
359 2496 553 2559 quemquam
566 2495 720 2558 meorum,
733 2477 959 2558 praeterquam
968 2474 1003 2538 in
1013 2472 1049 2538 L.
1059 2473 1196 2539 Tullimn

241 2562 395 2648 legatum.
438 2562 486 2647 Is,
513 2563 676 2647 ceteroqui
698 2562 878 2645 abstinens,
901 2560 957 2626 sed
978 2561 1000 2642 †
1022 2560 1107 2626 Iulia
1127 2563 1196 2648 lege

242 2652 422 2735 transitam,
444 2652 543 2716 semel
564 2655 675 2716 tarum
696 2651 733 2715 in
755 2649 855 2735 diem,
876 2672 961 2735 non,
981 2653 1019 2715 ut
1041 2651 1097 2715 alii
1119 2652 1196 2716 sole·

242 2739 336 2822 bant,
362 2739 513 2804 omnibus
539 2739 631 2824 vicis,
657 2741 785 2823 praeter
813 2759 887 2804 enm
909 2738 1008 2802 semel
1029 2759 1125 2804 nemo
1150 2760 1196 2803 ac-

243 2827 329 2914 cepit
349 2826 438 2910 tacit,
459 2826 589 2892 utmihi
606 2825 811 2912 excipiendus
824 2827 876 2911 sit,
898 2847 998 2912 quum
1019 2827 1195 2892 teruncium

313 3055 364 3125 Ep.
375 3061 417 3124 21,
433 3061 457 3110 t.
477 3054 564 3111 decad
583 3056 635 3110 erit
651 3069 729 3110 mma
747 3052 942 3124 (Zb.,c.o:0.).
961 3053 1197 3124 d.m.llquaB.

114 3170 117 3175 .
242 3133 268 3183 4.
287 3127 320 3182 la
337 3127 374 3181 iis
392 3126 465 3195 (ΒΜ
484 3155 518 3166 -
536 3126 622 3180 allud.-
639 3125 710 3192 conf.
731 3124 826 3194 (Sub).
844 3125 865 3178 i.
879 3141 901 3180 c.
915 3123 1010 3196 vulgo.
1029 3154 1063 3166 -
1082 3142 1123 3181 ose
1139 3142 1194 3180 oeae

242 3203 337 3254 wem
355 3196 440 3266 (Em,
458 3195 611 3267 Madvigii
629 3211 670 3250 nu
686 3196 746 3263 sore
762 3213 787 3251 o.
805 3194 890 3251 MRI.
909 3211 950 3250 ase
967 3210 1021 3251 esse
1037 3211 1062 3250 o.
1083 3193 1195 3264 c.,s1‹¹.

242 3299 278 3309 -
297 3267 426 3324 Condat
442 3269 508 3338 (mg.
530 3265 549 3320 l.
570 3269 649 3335 1584)
667 3265 762 3321 teberto
782 3266 831 3336 (l),
857 3282 908 3322 scr.
927 3265 975 3335 (W
976 3267 1002 3336 .).
1030 3268 1128 3322 canu&
1144 3268 1198 3336 aper

242 3355 264 3393 a.
282 3338 320 3394 n
339 3339 443 3393 amau
459 3338 479 3393 i.
497 3352 518 3393 s.
537 3337 570 3392 a.
603 3337 725 3391 camalae
742 3337 760 3392 i.
780 3352 801 3392 s.
821 3335 883 3392 odd.
901 3335 967 3391 Mal.
1000 3338 1126 3392 mellae
1141 3339 1189 3391 ta

243 3409 287 3463 lh.
308 3408 444 3475 Canulei,
461 3409 474 3461 a·
492 3423 520 3462 se
532 3423 552 3462 a.
568 3406 599 3461 B.
619 3437 652 3448 -
671 3407 741 3461 ΙΙΙ.
757 3407 830 3462 Idas
842 3407 937 3478 vulgo.
955 3408 1035 3462 terlio
1049 3408 1077 3462 Ι.
1097 3407 1198 3478 (MB.)t

244 3485 268 3535 b.
288 3477 352 3534 Hae
369 3479 420 3533 litt.
440 3423 492 3547 (15
523 3479 555 3532 lae
572 3478 590 3532 l.
609 3477 669 3532 lla.
696 3475 760 3531 Hae
778 3494 832 3532 om.
846 3477 906 3532 Ml.
933 3477 995 3532 Eae
1013 3478 1030 3532 l.
1050 3477 1196 3558 (RB.)?-7

243 3553 318 3604 recta
336 3547 421 3616 (LO).
449 3551 522 3603 certa
540 3546 644 3617 (MRI,
662 3547 777 3618 vulgo)?
805 3575 839 3588 -
865 3550 912 3604 sed
929 3552 948 3616 †
966 3548 1114 3605 Iulia...
1133 3549 1198 3618 faeti
