2574 3966
231 221 298 286 442
515 219 552 275 Μ.
572 218 696 274 TULLII
713 217 904 276 CICERONIS

228 388 290 432 nos
314 365 394 430 scire
417 368 573 450 oportere.
619 362 682 430 Sed
708 363 789 428 mihi
815 363 930 429 utrivis
952 363 1088 429 istorum
1107 367 1192 428 tem·
1285 431 1286 442 ,

229 476 307 539 pore
339 453 443 539 magis
475 474 547 519 mco
580 473 677 537 quam
708 453 833 518 rationo
870 451 1062 517 aestimandi
1096 455 1194 534 sunt:

230 542 352 628 possim
375 544 484 607 autem
506 541 633 625 assequi
662 561 778 624 necne,
804 543 841 604 tu
869 540 964 605 velim
992 541 1123 626 cogites:
1165 541 1195 604 si

231 631 318 696 onim
344 629 560 696 Faberianum
586 628 770 712 venderem,
802 629 960 711 explicare
987 629 1040 693 rel
1065 650 1194 713 reprae-

231 719 414 786 sentatione
436 741 503 784 non
526 716 706 782 dubitarem
734 716 773 782 do
796 714 940 801 Silianis,
968 717 996 781 si
1018 717 1112 782 modo
1136 717 1195 781 ad·

232 809 414 892 duceretur,
445 810 483 872 ut
514 806 679 889 venderet3
717 805 744 869 si
781 806 910 870 venales
946 826 1015 871 non
1050 805 1195 889 haberet,

231 897 404 962 transirem
436 895 476 960 ad
507 893 650 960 Drusum
676 893 727 959 vel
758 893 856 976 tanti,
888 894 1002 978 quanti
1031 892 1195 980 Egnatius

115 1061 118 1066 ¹
231 986 323 1051 illum
345 983 427 1050 velle
449 983 509 1049 tibi
527 983 615 1047 dixit.
646 981 768 1068 Magno
783 981 881 1046 etiam
895 981 1082 1048 adiumento
1095 983 1193 1048 nobis

231 1072 453 1160 Hermogenes
483 1075 591 1157 potest
613 1092 682 1136 esse
704 1069 739 1134 in
761 1070 1043 1156 repraesentando.
1088 1070 1135 1136 A:
1155 1075 1195 1136 tu

232 1161 371 1228 concede
393 1161 482 1245 mihi,
504 1181 634 1244 quaeso,
655 1162 693 1225 ut
715 1180 753 1224 eo
776 1159 885 1225 animo
909 1160 979 1244 sim,
1002 1181 1067 1245 quo
1089 1160 1118 1224 is
1140 1159 1195 1224 de·

232 1250 308 1316 beat
335 1270 418 1334 esse,
450 1247 505 1334 qui
531 1269 636 1312 emere
664 1246 786 1332 cupiat,
817 1251 851 1314 et
878 1252 989 1312 tomen
1014 1249 1061 1314 its
1089 1249 1194 1314 servio

205 1337 402 1424 scupiditati
424 1340 458 1402 ct
480 1336 583 1402 dolori
605 1356 687 1421 meo,
709 1340 747 1401 ut
768 1339 835 1401 ate
856 1337 926 1423 regi
942 1337 1048 1402 uelim.
1084 1335 1193 1423 Egna-

232 1426 297 1492 tius
320 1426 400 1492 mihi
423 1425 563 1510 scripsit:
584 1424 613 1489 is
637 1424 665 1490 si
687 1424 765 1509 quid
787 1427 894 1490 tecum
915 1425 1043 1491 locutus
1066 1427 1130 1490 crit
1153 1461 1194 1472 -

233 1514 490 1581 commodissime
513 1513 600 1579 enim
622 1535 680 1598 per
703 1535 776 1579 eum
800 1513 855 1600 agi
875 1517 984 1598 potest
1005 1551 1057 1598 —,
1081 1515 1123 1580 ad
1145 1535 1195 1579 me

234 1603 367 1688 scribes,
399 1606 432 1668 et
453 1602 487 1667 id
509 1603 671 1688 agendum
697 1605 791 1687 puto,
822 1623 899 1668 nam
927 1624 1000 1668 cum
1023 1599 1105 1669 Silio
1127 1624 1195 1669 non

235 1690 326 1756 video
349 1690 464 1757 confici
486 1713 589 1776 posse.
625 1689 727 1756 Piliae
750 1694 783 1756 et
805 1689 935 1758 Atticae
958 1692 1106 1758 salutem.

644 1901 781 1968 XXXII.

327 2021 385 2080 Ser.
403 2024 523 2081 Asturae
541 2025 659 2080 exeunte
677 2040 773 2079 mense
790 2023 893 2079 Martio
912 2041 937 2078 a.
955 2041 982 2080 n.
1001 2040 1025 2080 o.
1045 2029 1107 2081 709.

504 2128 653 2186 CICERO
670 2129 821 2186 ATTICO
839 2129 923 2186 SAL.

209 2259 222 2312 ,ι
301 2237 391 2304 Haec
422 2240 464 2305 ad
495 2243 527 2304 te
559 2261 631 2305 mea
662 2260 770 2303 manu.
794 2259 797 2266 ’
824 2237 920 2324 Vide,
952 2259 1087 2323 quaeso,
1119 2239 1198 2323 quid

236 2328 397 2414 agendum
420 2329 472 2394 sit.
497 2327 637 2392 Publilia
651 2327 693 2392 ad
710 2348 762 2390 me
786 2327 913 2411 scripsit
935 2330 1072 2392 matrem
1095 2348 1198 2412 suam,

237 2437 336 2500 quum
361 2415 498 2483 Publilio
521 2417 691 2500 rideretur,
714 2415 755 2480 ad
777 2436 829 2480 me
852 2437 925 2480 cum
946 2415 1002 2480 illo
1024 2419 1198 2480 venturam

237 2508 270 2570 et
292 2525 327 2569 so
351 2525 423 2590 una
446 2505 474 2571 si
488 2525 549 2591 ego
571 2509 712 2591 paterer,
734 2507 807 2568 orat
819 2503 930 2568 multis
944 2507 977 2568 et
994 2504 1196 2589 supplicibus
1285 2561 1286 2592 3

236 2591 356 2676 uerbis,
386 2597 424 2658 ut
454 2594 550 2659 liceat
580 2597 614 2660 et
643 2597 681 2659 ut
708 2591 769 2658 sibi
799 2592 986 2658 rescribam:
1018 2613 1071 2657 res
1098 2613 1198 2677 quom
1285 2609 1286 2670 f

237 2681 373 2746 molesto
395 2681 446 2767 sit,
468 2682 566 2748 rides.
593 2680 756 2765 Rescripsi
778 2700 829 2746 me
851 2681 950 2745 etiam
972 2680 1104 2766 gravius
1128 2701 1198 2746 esse

238 2768 401 2854 affectum,
424 2773 625 2855 quamtum,
652 2791 752 2854 quum
773 2768 821 2834 illi
844 2768 994 2834 dixissem
1016 2770 1199 2835 maselum

137 2921 141 2928 .
238 2879 307 2924 esse
329 2857 420 2944 velle,
442 2879 541 2943 quere
561 2859 648 2924 nolle
662 2880 713 2923 me
735 2857 798 2922 hcc
819 2860 964 2943 tempore
986 2878 1058 2923 eam
1081 2857 1124 2924 ad
1147 2879 1199 2923 mo

237 2946 359 3014 venire:
390 2947 560 3031 putabam,
588 2946 616 3010 si
638 2947 720 3014 nihil
741 2945 989 3031 rescripsissem,
1009 2945 1101 3010 illam
1125 2966 1199 3012 cum

308 3139 427 3210 apes,
447 3146 470 3195 1.
502 3137 581 3196 Haec
598 3182 605 3196 .
621 3181 627 3194 .
643 3181 649 3195 .
668 3155 711 3209 cp.
730 3138 768 3195 sit
788 3137 819 3192 in
836 3138 890 3194 hac
908 3138 1042 3209 epistola,
1068 3153 1140 3206 non,
1166 3139 1200 3194 ut

237 3211 286 3266 vul
306 3227 332 3280 o,
346 3209 376 3264 in
391 3211 540 3282 superiore,
555 3209 665 3265 alunio
679 3225 713 3264 ex
730 3217 743 3264 l
758 3209 801 3265 cd.
815 3207 875 3264 Pal.
889 3209 1020 3280 positum.
1046 3207 1108 3264 Om.
1125 3207 1197 3265 010.

237 3283 265 3336 A
296 3281 331 3344 Τ.
347 3279 431 3336 SAL.
449 3297 545 3336 omnes
564 3280 653 3350 codd,
671 3279 721 3334 ΕΙ.
739 3311 775 3321 -
800 3295 888 3346 suom,
905 3296 989 3350 guum
1008 3279 1042 3334 P.
1060 3279 1199 3335 videaur

239 3351 361 3420 (Klots).
405 3367 427 3406 s.
454 3369 516 3411 cum
543 3351 645 3406 Public
677 3352 829 3422 loqueretur
853 3349 882 3406 0.
910 3351 982 3406 teste
1010 3349 1131 3405 Klotzio.
1176 3366 1197 3406 s.

238 3437 300 3476 cmo
319 3421 443 3482 Publilio
465 3423 516 3494 loq.
535 3423 573 3492 Z,
596 3440 647 3493 vu,
671 3422 736 3491 ML,
759 3421 850 3492 Regii.
881 3437 902 3478 s.
922 3451 956 3462 -
974 3425 993 3488 †
1011 3437 1072 3476 mem
1092 3421 1127 3476 P.
1147 3421 1197 3492 loo.

238 3521 274 3532 -
292 3494 330 3548 cd
347 3491 379 3546 Β.
398 3521 432 3534 -
450 3509 491 3549 nse
508 3509 530 3549 e.
548 3510 573 3564 p.
592 3508 614 3548 e.
632 3494 768 3561 affectem,
786 3509 868 3564 quum
885 3493 926 3563 (L,
944 3491 1050 3564 vulgo).
1068 3491 1130 3549 Om.
1151 3493 1198 3563 off.

239 3561 333 3630 Mac.
352 3562 420 3616 :urbi
436 3579 458 3618 c.
476 3579 502 3633 p.
520 3580 542 3619 c.
561 3580 587 3635 g.
604 3563 655 3632 (Or
672 3564 753 3634 conj,
772 3563 833 3635 B.)?
870 3649 872 3656 y
