2582 3980
195 239 455 296 EPISTOLARUM
473 241 523 296 AD
541 240 705 296 ATTICUM
724 241 783 297 XV.
803 246 915 298 20-22.
969 237 1034 304 569

513 490 602 556 XXI.

76 610 133 666 Sor.
152 608 183 664 in
200 608 361 666 Tusculano
380 627 404 666 a.
420 609 446 666 d.
466 611 512 666 XI.
528 611 668 667 Kalendas
687 585 841 677 Quinctiles
853 627 880 667 a.
894 629 920 667 u.
935 628 958 667 c.
975 616 1034 668 71⁰.

352 715 500 772 OIOERO
517 715 669 773 Arrrco
686 717 769 773 SAL.

142 821 250 890 Narro
277 825 352 890 tibi:
385 824 422 901 Q.
449 829 541 912 pter
568 826 708 891 exsultat
736 825 874 910 laetitia3
907 825 1061 909 scripsitr

76 914 164 978 enim
186 913 272 978 filius
296 935 329 979 se
352 913 471 980 idcirco
494 915 666 1000 profugere
681 915 722 978 ad
735 913 874 978 Brutum
888 914 1036 998 voluisse,

76 1002 173 1086 quod,
195 1023 295 1086 quum
319 1002 381 1067 sibi
403 1004 571 1090 negotium
594 1002 685 1067 daret
706 1002 881 1086 Antonius,
903 1004 940 1067 ut
962 1024 1036 1067 eum

76 1091 266 1155 dictatorem
294 1090 449 1176 efficeret,
479 1091 675 1176 praesidium
707 1094 892 1176 occuparet,
922 1090 956 1155 id
988 1112 1036 1154 re-

76 1181 234 1262 cusasset,
269 1200 434 1245 recusasse
465 1183 575 1244 antem
605 1201 653 1263 se,
684 1199 726 1244 ne
757 1179 860 1264 patris
892 1179 1036 1244 animum

77 1267 268 1351 offenderet,
299 1290 339 1332 ex
370 1288 407 1334 eo
441 1268 502 1333 sibi
528 1269 620 1334 illum
646 1268 784 1334 hostem.
828 1267 931 1352 „Tum
958 1266 1036 1351 me,“

75 1356 192 1440 inquit,
213 1357 358 1442 „collegi
380 1378 503 1441 verens,
525 1378 567 1421 ne
590 1357 667 1442 quid
689 1356 770 1422 mihi
792 1356 846 1421 ille
860 1357 962 1421 iratus
976 1355 1036 1420 tibi

75 1446 221 1509 noceret:
244 1445 354 1530 itaque
376 1466 450 1510 eum
472 1445 612 1530 placavi3
635 1445 810 1530 etquidem
825 1461 916 1511 cccc.
940 1446 1037 1528 certa,

75 1533 201 1616 reliqua
226 1532 262 1597 in
289 1531 374 1617 spe.“
419 1533 539 1599 Scribit
565 1537 674 1599 autem
697 1533 819 1598 Statius
848 1533 940 1598 illum
963 1554 1036 1597 cum

75 1624 169 1705 patre
195 1620 342 1686 habitere
369 1622 451 1688 uelle
481 1622 608 1688 -hoc
635 1643 710 1688 vero
737 1622 856 1687 mitum
878 1624 977 1685 -et
1003 1621 1037 1685 id

77 1709 211 1794 gaudet:
235 1731 367 1794 ecquem
388 1714 426 1775 tu
449 1711 505 1776 illo
524 1711 693 1776 certiorem
712 1709 929 1776 nebulonem?
963 1702 1063 1774 'lan-r

77 1792 161 1880 οχὴν
180 1801 321 1862 uestram
336 1798 375 1862 de
388 1820 423 1863 re
438 1796 519 1865 (lani
535 1796 798 1886 [deliberationis]
813 1800 931 1884 probo:
953 1799 1036 1863 nihil

76 1907 165 1950 eram
198 1887 379 1971 suspicatus
410 1887 449 1952 do
485 1888 621 1972 tabulis,
657 1881 818 1972 ἀκεραίως
853 1887 1036 1952 restitutam

76 1975 267 2040 arbitrabar.
316 1974 405 2051 Quae
444 1976 565 2059 differs,
600 1979 638 2040 ut
669 1997 794 2040 mecum
826 1996 949 2059 coram,
985 1995 1035 2038 ex·

76 2062 244 2147 spectabo:
266 2063 462 2146 tabellarios,
485 2063 591 2147 quoad
613 2064 712 2147 voles,
734 2063 869 2146 tenebis,
893 2083 926 2127 es
950 2062 1036 2126 enim

77 2154 263 2235 occupatus.
297 2149 391 2228 Quod
414 2152 455 2216 ad
468 2151 646 2236 Xenonem,
668 2152 778 2236 probe.
805 2150 899 2227 Quod
922 2150 1036 2234 scribo,

76 2262 177 2324 quum
200 2239 378 2306 absolvero.
423 2239 544 2316 Quinto
572 2241 728 2325 scripsisti
754 2244 787 2304 te
816 2240 857 2304 ad
885 2261 958 2304 eum
984 2239 1036 2303 lit

75 2331 178 2394 teras:
201 2349 297 2395 nemo
321 2329 483 2394 attulerat.
518 2329 595 2395 Tiro
618 2332 718 2414 negat
738 2328 804 2393 iam
827 2328 887 2392 tibi
908 2329 1063 2412 placeres

76 2416 299 2502 Brundisium,
326 2421 359 2482 ct
381 2417 510 2502 quidem
532 2417 637 2482 dicere
661 2417 782 2502 aliquid
805 2417 844 2481 de
867 2415 1036 2500 militibus3

76 2509 111 2570 at
134 2525 195 2592 ego
218 2505 284 2570 iam
307 2505 513 2589 destinaram,
535 2505 740 2590 Hydruntem
764 2504 905 2590 quidem:
928 2525 1035 2569 move·

76 2594 158 2658 bant
185 2614 236 2658 me
259 2597 336 2659 tuae
363 2595 505 2680 quinque
531 2594 645 2679 horae,
676 2593 730 2658 hic
760 2596 867 2658 autem
895 2596 1036 2678 quantus

76 2682 193 2758 πλοῦςῐ
217 2682 272 2746 sed
294 2682 483 2748 videbimus.
514 2681 630 2748 Nullas
654 2704 674 2747 a
695 2685 728 2746 te
742 2681 885 2766 x1.Xal.;
908 2682 1036 2767 quippe,

76 2770 155 2854 quid
177 2771 265 2835 euim
288 2771 353 2835 ianr
376 2770 475 2837 novi?
499 2793 598 2856 quum
621 2770 761 2855 primum
782 2771 884 2856 igitur
904 2771 1036 2855 poteris,

75 2859 201 2924 venies:
224 2878 286 2944 ego
307 2881 461 2944 propero,
482 2880 524 2924 ne
548 2863 623 2924 ante
647 2857 778 2944 Sextus,
801 2881 895 2944 quem
918 2857 1035 2923 adven·

74 2947 272 3012 carosiana

505 3141 602 3208 XXII

74 3262 132 3318 Sor.
152 3261 183 3318 in
202 3263 359 3319 Tusculano
379 3278 402 3317 a.
422 3261 449 3318 d.
468 3262 516 3319 VI.
533 3260 676 3318 Kalendas
688 3261 842 3328 Quinctiles
856 3277 881 3316 a.
895 3279 922 3316 u.
937 3279 960 3316 c.
976 3268 1034 3318 710.

351 3365 499 3424 CICERO
517 3366 668 3423 ATTICO
686 3367 769 3423 SAL.

142 3475 295 3544 Gratulor
341 3477 436 3542 nobis
481 3475 518 3553 Q.
557 3477 659 3542 filium
706 3477 826 3542 exisse:
881 3477 1035 3542 molestus

75 3589 142 3632 non
165 3567 235 3632 erit.
280 3566 420 3632 Pansam
443 3565 524 3631 bene
546 3565 636 3649 loqui
664 3565 772 3650 credo,
800 3587 926 3650 semper
949 3566 1035 3630 enim
