2536 3960
214 225 476 282 EPISTOLARUM
492 227 542 281 AD
561 225 725 283 ATTIOUM
742 226 805 283 VII.
824 232 849 282 2.
936 223 1011 315 225

54 370 227 454 pudentius
250 393 346 456 quam
366 371 484 438 Lucius
505 376 616 439 noster
639 375 673 437 et
693 371 802 458 Patro,
824 371 888 456 qui,
911 392 1011 456 quum

56 457 162 524 omnia
185 458 228 523 ad
251 481 284 524 se
306 460 462 546 referant,
488 480 659 544 numquam
681 461 856 545 quidquam
879 459 1010 525 alterius

55 567 147 611 cansa
178 545 250 612 fieri
279 550 396 632 putent
422 552 468 634 et,
499 571 598 634 quum
628 570 666 614 ea
692 570 726 612 rc
757 549 880 613 bonum
905 548 1011 613 virum

56 638 201 718 oportere
229 656 299 700 esse
327 636 450 722 dicant,
475 659 518 701 ne
544 638 666 702 malum
691 636 824 721 habeat,
855 655 1009 720 nonque

55 723 84 785 id
104 728 227 788 natura
248 727 372 790 rectum
395 725 450 810 sit,
476 745 544 791 non
566 725 754 810 intelligant
776 746 809 789 se
832 724 872 788 de
895 723 1010 790 callido

55 810 181 877 homine
205 813 305 897 loqui,
326 833 394 878 non
416 813 455 878 de
478 813 565 879 bono
584 814 663 879 viro.
690 811 759 880 Sed,
775 812 865 897 haec,
887 813 1012 897 opinor,

57 900 186 964 suntin
214 900 255 964 iis
282 901 386 986 libris,
412 901 499 986 ¹quos
525 906 562 966 tu
588 902 751 967 laudando
779 901 904 966 animos
931 900 1012 964 mihi

56 987 213 1052 addidisti.
258 987 367 1054 Redeo
399 990 441 1054 ad
471 1012 548 1055 rem.
592 989 760 1067 Quomodo
788 989 1039 1074 exspectabam

57 1075 233 1160 epistolam,
256 1099 354 1162 quam
366 1077 543 1144 Philoxeno
558 1078 711 1144 dedisses!
735 1079 907 1162 scripseras
925 1077 1013 1141 enim

56 1163 87 1226 in
108 1185 147 1229 ea
174 1186 246 1230 esse
276 1165 316 1229 de
343 1187 490 1232 sermone
512 1165 657 1252 Pompeii
678 1165 909 1251 Neapolitano:
940 1186 1013 1230 eam

57 1251 131 1316 mihi
152 1252 255 1318 Patro
278 1252 443 1319 Brundisii
464 1255 616 1338 reddidit3
639 1253 806 1339 Corcyrae,
827 1258 865 1319 ut
887 1255 1013 1340 opinor,

58 1345 231 1425 acceperat.
271 1340 363 1406 Nihil
389 1344 497 1428 potuit
523 1363 592 1408 esse
619 1344 803 1428 iucundius3
834 1343 1012 1408 eratenim

58 1427 93 1491 de
117 1449 152 1494 re
181 1430 328 1515 publica,
360 1430 399 1496 de
426 1432 593 1516 opinione,
625 1453 722 1517 quam
748 1432 776 1497 is
803 1432 853 1496 vir
878 1430 1014 1496 haberet

57 1515 251 1603 integritatis
274 1539 377 1602 meae,
408 1519 448 1584 de
475 1521 713 1604 benevolentia,
745 1541 842 1604 quam
870 1519 1014 1585 ostendit

60 1626 94 1669 eo
115 1627 274 1690 sermone,
296 1629 392 1691 quem
413 1607 530 1673 habuit
556 1609 596 1673 de
617 1609 797 1693 triumph03
824 1608 880 1673 sed
902 1610 1013 1673 tamen
1148 1651 1150 1657 -

59 1691 115 1758 hoc
127 1694 405 1780 iucundissimum,
427 1696 513 1780 quod
526 1696 671 1762 intellexi
683 1699 717 1761 te
731 1697 772 1762 ad
786 1717 860 1762 eum
876 1696 1013 1779 venisse,

60 1785 94 1844 ut
113 1783 181 1848 eius
205 1783 350 1848 animum
362 1804 441 1869 erga
462 1805 514 1848 me
535 1785 746 1870 perspiceres:
767 1784 831 1851 hoo
853 1785 942 1868 mihi,
963 1784 1013 1849 in·

62 1890 163 1954 quam,
191 1871 309 1937 accidit
334 1872 608 1938 iucundissimum.
645 1871 695 1939 De
716 1872 882 1958 triumpho
904 1874 1039 1938 autema

61 1959 143 2024 nulla
165 1981 219 2024 mc
242 1960 401 2044 cupiditas
423 1983 576 2046 umquam
598 1962 703 2027 tenuit
726 1966 801 2027 ante
823 1960 933 2027 Bibuli
954 1961 1014 2025 im·

62 2046 305 2127 pudentissimas
327 2049 466 2128 litteren,
497 2069 578 2134 quas
600 2050 798 2135 amplissima
820 2047 1012 2136 supplicatio

63 2141 228 2201 consecuta
250 2141 313 2201 est:
336 2159 355 2201 a
377 2145 441 2222 ‘quo
464 2138 493 2202 si
515 2159 554 2204 ea
575 2141 668 2224 gesta
690 2141 811 2222 essent,
833 2157 915 2221 quae
938 2135 1012 2201 scri·

63 2223 129 2308 psit,
149 2224 326 2310 gauderem
349 2230 382 2290 et
403 2225 521 2291 honori
542 2226 698 2310 faverem3
719 2245 807 2290 nunc
828 2225 934 2309 illurn,
957 2223 1013 2308 qui

63 2311 168 2392 pedem
190 2316 296 2398 porta,
319 2313 425 2398 quoad
447 2314 551 2380 hostis
569 2315 615 2380 cis
628 2313 830 2398 Euphratem
850 2312 923 2398 fuit,
944 2333 1013 2378 non

65 2401 178 2486 extulit,
199 2397 325 2467 hon'ore
348 2403 472 2487 augeri,
501 2424 566 2486 me,
588 2404 623 2468 in
646 2402 736 2468 cuius
759 2402 900 2467 exercitu
922 2422 1013 2486 spem

63 2485 140 2554 sslius
167 2490 325 2554 exercitus
354 2489 483 2574 habuit,
513 2491 599 2556 idem
625 2511 693 2557 non
722 2491 849 2575 assequi
876 2489 1012 2555 dedecus

66 2578 108 2639 est
127 2580 285 2662 nostrum,
306 2581 464 2662 nostrum,
492 2579 625 2662 inquam
646 2582 680 2644 te
703 2579 913 2665 coniungens.
948 2577 1012 2643 Ita·

67 2683 119 2744 que
140 2666 251 2730 omnia
273 2667 419 2751 experiar
442 2670 484 2751 et,
505 2670 543 2732 ut
562 2688 666 2751 spero,
688 2689 853 2752 assequar:
876 2666 962 2751 quod
985 2666 1013 2732 si

66 2752 97 2814 tu
112 2755 248 2838 valeres,
268 2754 335 2818 iarn
351 2755 431 2818 mihi
449 2755 607 2838 quaedam
624 2756 791 2839 explorate
809 2757 930 2838 essent3
948 2752 1014 2838 sed,

67 2841 98 2900 ut
117 2861 227 2926 spero,
248 2842 379 2907 valebis.
415 2840 465 2908 De
486 2843 680 2908 raudusculo
702 2841 910 2926 Numeriano,
931 2842 1038 2905 mul-r

67 2927 127 2991 tum
139 2933 172 2994 te
186 2951 270 2994 amo.
297 2928 492 2996 Hortensius
506 2931 585 3015 quid
597 2931 707 3016 egerit,
730 2952 809 2997 seso
823 2931 913 3014 scire,
931 2926 1012 2994 Cato

128 3137 178 3210 Ep.
198 3145 224 3208 2,
245 3145 273 3195 4.
299 3141 453 3210 pudentius
480 3141 560 3212 (dn).
575 3140 661 3209 prud.
680 3139 774 3206 Mill,
797 3139 858 3196 odd.
877 3139 905 3206 1.,
928 3137 959 3192 Β.
977 3165 1015 3180 -

70 3203 147 3263 Patro
163 3209 214 3279 (R,
236 3210 278 3279 I.).
301 3213 419 3280 patroni
435 3210 494 3266 Ml.
518 3215 639 3282 patrono
657 3209 717 3265 Me.
747 3211 855 3266 Patron
877 3209 948 3278 (Me,
970 3208 1013 3278 R,

68 3272 120 3348 Bt?
167 3286 192 3333 t.
224 3279 398 3336 Commodum
416 3283 677 3350 exp....dedisaea
695 3311 728 3321 -
747 3295 841 3336 eor...
860 3279 950 3349 Ncup.
968 3309 1013 3345 -,

68 3361 141 3410 luem
152 3365 211 3405 eum
228 3350 276 3420 (W
278 3372 297 3418 .;
316 3353 482 3408 commodum
498 3366 533 3406 ex
546 3351 671 3407 Memmii
685 3351 765 3420 conj,
783 3367 867 3422 quum
884 3350 1014 3405 additum

70 3417 259 3497 exlllrnestiiss
289 3421 377 3477 Patro
388 3422 481 3547 hSM).
510 3422 618 3478 Patrou
640 3421 745 3492 (MB.)?
790 3428 816 3478 6.
844 3421 1014 3491 amquissima

70 3483 154 3558 (Plus).
192 3491 358 3560 amplissime
421 3492 500 3546 RIB.
538 3521 571 3533 -
607 3492 706 3546 malit
729 3491 782 3562 (A,
809 3492 848 3560 l).
885 3491 1013 3548 emaum

70 3553 208 3630 (limen
226 3591 263 3602 -
279 3561 406 3618 taceam
424 3563 471 3632 (W
473 3566 508 3632 .)?
545 3568 569 3619 7.
587 3565 665 3629 scire,
682 3565 708 3617 ct
726 3561 793 3618 Octo
811 3561 915 3630 (θεων

114 3647 222 3691 θίοοιοιιίι
236 3651 300 3701 optet.
315 3653 347 3693 Π.
820 3657 852 3704 15
