2510 3958
235 198 300 264 302
522 198 559 254 Μ.
578 199 701 255 TULLII
719 198 910 255 CICERONIS

233 343 376 428 brevem,
408 366 504 429 quam
530 363 590 410 ml,
612 343 727 411 Nonas
753 337 819 409 ὑπὸ
847 339 910 428 τὴν
936 345 1040 428 λῆψιν
1067 345 1174 429 dedisti,

233 432 473 498 rescribendum
501 433 623 518 putavi.
668 431 813 498 Gaudere
836 433 884 498 ais
906 437 939 499 te
962 434 1113 498 mansisse
1132 455 1174 498 me

234 524 267 585 et
289 520 401 585 scribis
423 521 459 585 in
488 521 650 588 sententia
674 524 705 586 te
728 542 871 604 manere3
902 521 983 586 mihi
1010 526 1113 586 autem
1133 544 1174 586 su·

233 609 413 693 perioribus
453 610 569 676 litteris
609 610 759 676 videbare
799 631 867 677 non
908 610 1071 695 dubitare,
1110 611 1175 694 quir

233 697 386 783 cederem,
408 698 464 783 ita,
487 699 515 764 si
537 702 571 764 et
588 695 717 764 Gnaeus
740 699 822 764 bene
845 699 1018 764 comitatus
1041 719 1175 764 oonsoer·

234 785 334 851 disset
355 790 389 851 et
404 788 552 853 consules
573 787 779 852 transissent:
801 790 911 852 utrum
932 786 997 853 hoo
1018 791 1056 852 tu
1076 808 1175 872 pamm

233 875 489 960 commeministi,
512 896 555 940 un
577 895 639 960 ego
652 896 720 941 non
734 875 813 940 natis
826 875 979 960 intellexi,
1002 897 1046 940 an
1059 875 1176 940 mutasti

233 962 450 1028 sententiam?
481 963 538 1028 sed
570 967 627 1028 aut
655 985 695 1028 ex
722 964 872 1048 epistola,
904 984 1002 1049 quam
1033 967 1178 1048 exspecto,

232 1051 437 1135 perspIoiam,
469 1051 545 1136 quid
573 1052 706 1134 sentias,
738 1056 795 1118 aut
823 1052 903 1117 alies
931 1053 988 1117 abs
1012 1056 1045 1118 te
1066 1052 1177 1117 litteras

232 1139 366 1206 eliciam.
410 1139 584 1206 Brundisio
606 1140 765 1206 nihildum
788 1144 858 1205 erat
880 1142 1024 1206 allatum.

669 1332 712 1400 II.
726 1356 755 1399 a.

268 1453 324 1510 Sor.
343 1453 374 1509 in
392 1453 541 1510 Formiano
560 1470 584 1509 a.
600 1455 626 1509 d.
646 1454 719 1510 Vlll.
738 1455 803 1510 Idus
822 1453 939 1510 Martias
958 1471 983 1510 a.
1002 1471 1030 1510 a
1049 1470 1074 1510 o.
1093 1459 1148 1510 ⁷05.

504 1559 653 1616 CICERO
671 1559 821 1617 ATTICO
839 1561 923 1617 SAL.

207 1688 217 1726 1
299 1667 408 1733 Orem
426 1669 591 1734 difficilem
612 1670 772 1754 planeque
795 1669 966 1754 perditam!
991 1691 1088 1755 quam
1107 1668 1179 1734 nihil
1238 1707 1239 1748 p

230 1757 462 1840 praetermittis
484 1759 519 1822 in
541 1758 677 1823 oonsilio
701 1758 820 1825 dando!
848 1780 945 1843 quam
966 1757 1051 1823 nihil
1071 1761 1179 1838 tamen,
1238 1759 1239 1792 l

232 1844 318 1927 quod
340 1845 486 1929 tibiipsi
507 1846 646 1931 placeat,
675 1847 828 1930 explicas!
860 1868 928 1912 non
955 1868 1027 1912 esse
1049 1867 1101 1911 me
1122 1866 1179 1910 una

231 1954 305 1998 oum
326 1932 480 2019 Pompeio
504 1934 635 2020 gaudes,
657 1955 695 1999 ao
717 1935 887 2019 proponis,
910 1957 1007 2020 quam
1030 1935 1074 1999 sit
1095 1937 1179 2017 turpe

231 2043 282 2087 me
310 2022 435 2107 adesse,
465 2045 565 2107 quum
596 2022 674 2106 quid
703 2023 742 2087 de
773 2023 830 2089 illo
862 2023 1065 2107 detrahatur3
1097 2021 1179 2086 nefas

231 2131 301 2176 esse
324 2112 512 2196 approbare.
557 2109 665 2195 Certe3
689 2115 803 2177 eontra
814 2111 938 2198 igitur?
962 2112 1052 2197 „Di,“
1072 2110 1179 2194 inquis,
1237 2133 1238 2184 ἲ

230 2198 488 2282 „avenunoent“
532 2198 616 2277 Quid
639 2220 716 2285 ergo
739 2200 807 2284 fiet,
839 2200 867 2265 si
892 2201 929 2266 in
956 2201 1059 2266 altero
1086 2199 1179 2264 scelus

231 2291 294 2372 est,
315 2288 352 2352 in
374 2289 475 2353 altero
499 2288 713 2373 supplicium?
748 2288 986 2373 „Impetrabis‚“
1008 2288 1128 2374 inquis,
1147 2307 1179 2369 „a

230 2371 376 2458 Caesare,
398 2380 436 2440 ut
457 2376 519 2441 tibi
532 2376 643 2441 abesse
657 2376 753 2441 lioeet
766 2381 799 2441 et
812 2398 881 2442 esse
896 2375 1029 2444 otioso.“
1063 2375 1178 2461 Suppli·

231 2463 370 2528 eandum
391 2463 514 2548 igitur?
549 2465 715 2548 miserum3
739 2465 830 2551 quid,
853 2465 881 2530 si
902 2487 971 2532 non
991 2461 1179 2549 impetrare?

231 2549 293 2633 „Bt
315 2550 355 2616 de
376 2551 541 2637 triumpho
570 2552 663 2637 erit,“
692 2553 814 2638 inquis,
843 2553 1054 2640 ,dntegrumf‘
1097 2551 1179 2631 Quid,

232 2638 260 2702 si
272 2637 335 2704 hoo
347 2639 418 2724 ipso
432 2641 582 2724 premar?
605 2641 782 2726 eooipiam‘?
799 2642 876 2725 quid
888 2642 1037 2707 foedius?
1050 2639 1178 2728 negem?

231 2727 393 2812 repudiari
425 2749 458 2793 se
490 2732 609 2813 totum,
645 2730 749 2814 magis
786 2731 883 2795 etiam
916 2753 1012 2815 quam
1045 2731 1122 2796 olim
1149 2729 1179 2792 in

230 2816 409 2901 xxviratu,
430 2817 566 2901 putabit.
611 2815 661 2882 Ao
684 2818 779 2902 solet,
811 2840 910 2904 quum
934 2840 967 2883 se
988 2822 1123 2904 purgat,
1150 2817 1179 2880 in

230 2927 282 2972 me
305 2905 451 2972 conterre
475 2927 604 2971 omnem
625 2906 755 2971 illorum
777 2910 960 2990 temporum
978 2908 1119 2992 eulpam:
1139 2906 1179 2970 ita

230 3015 282 3059 me
305 2995 367 3061 sibi
388 2994 488 3062 fuisse
510 2992 693 3079 inimicum,
715 2997 752 3060 ut
773 3016 815 3059 ne
837 2995 994 3060 honorem
1017 2996 1181 3080 quideme
1235 3025 1236 3068 ,

231 3102 265 3147 se
288 3083 432 3168 aooipere
453 3083 576 3149 vellem.
607 3081 735 3158 Quanto
753 3103 841 3148 nuno
862 3084 925 3149 hoo
945 3083 1032 3148 idem
1054 3083 1180 3168 aooipiet

231 3171 398 3255 asperius?
428 3175 521 3238 tento
549 3170 684 3254 seilicet,
716 3175 837 3254 quanto
865 3175 899 3235 et
923 3172 1030 3238 honos
1056 3173 1110 3238 hio
1130 3172 1179 3236 illo

204 3264 281 3324 aest
307 3260 444 3345 amplior
470 3263 504 3325 et
533 3260 602 3344 ipse
629 3258 800 3324 robustior.
845 3257 943 3344 Nam,
974 3261 1061 3344 quod
1087 3281 1179 3346 negas

301 3465 351 3536 Ep.
371 3472 396 3521 ὓ.
412 3483 445 3533 a,
466 3472 490 3520 l.
523 3471 553 3520 at
566 3467 702 3536 proponis
720 3466 825 3537 (Ern.)?
845 3497 877 3507 -
895 3468 980 3523 tonos
998 3468 1074 3540 (W).
1101 3469 1178 3523 hom
1234 3465 1235 3472 '

231 3534 325 3605 vulgo.
