2608 3972
195 1044 255 1130 M.
295 1046 521 1132 TULLII
556 1047 898 1136 CICERONIS

139 1205 568 1282 EPISTCLARUM
594 1207 669 1282 AD
699 1207 967 1286 ATTICUM

357 1361 492 1431 LIBER
513 1363 753 1434 SECUNDUS.

508 1540 607 1552 0-—

544 1661 570 1730 L

247 1781 310 1840 Sar.
329 1783 434 1838 Romae
452 1799 548 1840 mense
566 1785 647 1840 Innio
666 1802 691 1841 a.
711 1804 737 1841 u.
756 1801 779 1840 a.
799 1790 859 1842 694,

368 1887 496 1945 CICERO
514 1889 647 1946 ATTICO
668 1891 744 1946 SAL.

139 1995 208 2062 Kal.
239 1997 347 2064 Iumrs
380 1999 470 2064 eunti
501 2000 581 2064 mihi
603 1999 740 2066 Antium
771 2004 806 2065 et
836 1999 1057 2086 gladiatorasr

84 2077 120 2146 M.
146 2084 271 2152 Metelli
304 2085 417 2171 cupide
449 2087 644 2171 relinquenti
675 2088 765 2153 venit
796 2089 924 2154 obviam
956 2093 1032 2154 tuus
1121 2167 1123 2170 .

85 2192 165 2252 puer:
186 2176 214 2240 is
237 2175 323 2240 mihi
345 2175 469 2240 litteras
494 2175 551 2240 abs
574 2179 607 2240 te
622 2180 655 2242 et
668 2177 934 2241 commentarium
957 2198 1032 2241 aon·

86 2262 196 2328 sulatus
219 2263 286 2328 mei
310 2261 430 2328 Graece
454 2264 609 2348 scriptum
632 2265 784 2345 reddidit;
815 2264 849 2328 in
877 2286 940 2347 quo
968 2264 1031 2330 lae-

84 2349 160 2414 tatus
182 2374 256 2417 sum
279 2372 327 2416 me
350 2352 516 2435 aliquanto
531 2356 607 2416 ante
622 2352 660 2416 de
674 2352 788 2416 iisdem
802 2352 898 2416 rebus
911 2349 1031 2417 Graece

86 2435 153 2502 item
175 2441 333 2524 seriptum
347 2441 471 2504 librum·
480 2438 515 2504 L.
531 2438 677 2506 Cossinio
692 2440 733 2505 ad
747 2443 779 2504 te
801 2439 1032 2524 perferundum

85 2522 210 2612 dedisse,
232 2551 325 2611 nam,
349 2528 376 2594 si
399 2549 459 2614 ego
482 2531 575 2594 tuum
599 2533 673 2594 ante
696 2529 860 2614 legissem,
888 2530 1032 2594 iuratum

85 2633 127 2677 uie
148 2617 203 2681 abs
227 2621 262 2680 te
286 2638 354 2681 esse
378 2616 513 2681 diceres:
537 2639 731 2701 quamquam
753 2620 811 2681 tua
833 2617 889 2682 illa
907 2653 948 2664 -
966 2619 1032 2704 legi

85 2702 160 2767 enim
188 2705 331 2770 libenter
359 2705 596 2770 -horridula
627 2706 708 2770 mihi
739 2709 834 2788 atque
866 2707 1032 2791 incompta

86 2789 144 2854 visa
166 2799 256 2877 sunt,
284 2793 340 2857 sed
361 2798 473 2857 tamen
496 2797 589 2858 erant
611 2797 726 2859 ornata
747 2793 810 2859 hoo
832 2793 917 2879 ipso,
945 2795 1031 2879 quod

87 2886 267 2946 ornamenta
289 2883 499 2966 neglexerant
521 2885 566 2965 et,
593 2884 631 2946 ut
653 2882 815 2966 mulieres,
845 2883 918 2948 ideo
948 2883 1030 2947 bene

87 2965 173 3053 olere,
195 2970 273 3053 quia
294 2970 377 3034 nihil
400 2970 545 3053 olebant,
572 2969 777 3053 videbantu13
809 2993 899 3036 meus
922 2973 1031 3034 autem

86 3051 156 3121 liber
175 3061 282 3124 totum
295 3057 432 3124 Isocrati
454 3057 687 3142 myrothecium
707 3061 804 3142 atque
827 3079 938 3122 omnes
962 3056 1030 3120 eius

87 3140 303 3229 discipulorum
327 3147 452 3210 arculas
483 3166 521 3209 aa
548 3146 698 3210 nonnihil
721 3148 819 3212 etiam
841 3143 1031 3210 Aristotelia

87 3230 239 3316 pigmenta
267 3234 481 3318 consumpsit3
509 3255 604 3318 quem
631 3237 667 3298 tu
691 3233 862 3318 Corcyrae,
891 3235 928 3296 ut
949 3231 1030 3295 mihi

87 3318 147 3384 aliis
166 3324 283 3387 litteris
307 3323 480 3408 significas,
503 3322 638 3386 strictim
656 3322 802 3408 attigisti,
824 3323 899 3404 post
912 3322 1030 3403 autam,

88 3410 118 3469 ut
142 3411 293 3493 arbitror,
325 3433 345 3475 a
373 3409 519 3476 Cossinio
548 3411 714 3494 accepisti3
750 3428 845 3494 quem
875 3407 937 3474 tibi
968 3429 1029 3495 ego

146 3583 192 3656 Ep.
213 3593 237 3654 1,
259 3591 282 3640 1.
302 3586 356 3654 leqi
374 3585 445 3640 enim
463 3570 607 3654 dilianator
625 3583 709 3653 (W.)t
