2510 3958
174 240 435 296 EPISTOLARUM
453 242 502 296 AD
521 239 687 298 ATTIOUII
707 239 778 297 VIII.
797 248 821 296 2.
842 248 868 296 3.
934 241 999 304 267

45 385 144 449 multo
176 389 254 450 anta
286 387 451 471 provisum
482 421 540 470 -,
575 389 685 450 tamen
719 388 891 469 utrumque
925 405 1001 450 con·

46 473 250 538 siderandum
272 478 334 558 est,
362 478 395 538 et
421 477 544 557 quanta
566 474 644 538 fides
670 474 701 538 ei
722 475 767 538 sit
788 473 938 538 habenda
958 477 1001 557 et,

46 561 72 622 si
92 561 230 627 maxime
253 563 454 646 exploratum
477 562 520 626 sit
549 583 621 626 eum
644 562 740 627 nobis
761 562 901 626 amicum
921 561 1001 644 iure,

48 648 127 712 sttne
149 650 211 714 viri
233 650 329 715 fortis
352 654 385 714 et
406 651 484 716 boni
514 651 592 714 ciris
620 671 689 714 essa
716 650 752 714 iu
777 671 817 713 aa
843 649 935 734 urbe,
965 650 1001 713 in

47 757 120 822 qua,
141 759 243 821 quum
266 738 398 804 summis
419 738 599 804 honoribus
621 737 827 822 imperiisque
849 758 927 801 usus
949 738 1001 821 stt,
1095 783 1101 796 .

48 843 94 888 res
128 826 287 890 maximas
322 827 473 912 gesserit,
509 826 687 891 sacerdotio
724 827 767 890 sit
803 824 1000 910 amplissimo

47 913 221 998 praeditus,
248 915 360 994 †non
385 915 515 980 futurus
538 914 802 998 subeundumque
823 871 1014 1032 periculum!

50 1000 89 1063 sit
109 1021 181 1066 oum
195 1003 305 1086 aliquo
318 1003 341 1082 †
353 1003 423 1068 fore
441 1003 604 1087 dedecore,
627 1002 654 1068 si
677 1002 806 1086 quando
832 1000 1000 1084 Pompeius

48 1091 296 1173 rempublicam
318 1092 523 1176 recuperarit.
551 1091 591 1156 In
612 1091 674 1156 bac
690 1094 788 1174 ,parte
810 1088 890 1153 haec
913 1093 1027 1170 sunt3⁸
1156 1174 1157 1180 ἵ

49 1175 116 1241 uide
137 1199 239 1262 nunc,
262 1200 344 1263 quae
366 1180 433 1243 sint
454 1180 490 1244 in
512 1180 621 1244 altera
665 1177 758 1243 Nihil
779 1181 887 1242 actum
909 1180 960 1241 est
1092 1199 1096 1206 ·

51 1262 196 1365 PompeIo
210 1271 325 1333 nostro
340 1269 511 1352 sapienter,
532 1267 616 1332 nihil
637 1267 773 1350 fortiter,
797 1266 880 1330 eddo
894 1265 992 1329 etiam

50 1351 126 1416 urhrl
151 1355 215 1419 nisi
245 1359 358 1420 eontra
380 1357 550 1421 consilium
573 1356 859 1438 auctoritatemque
882 1375 987 1418 ineam
1039 1339 1061 1433 'J
1140 1341 1163 1445 „¹

51 1441 158 1506 omitto
181 1443 240 1507 illa
261 1447 379 1528 vetera,
402 1445 649 1528 quodistumin
671 1442 924 1527 rempublicam
946 1442 982 1506 ill
1099 1441 1146 1504 'r‘

52 1528 134 1612 aluiI,
155 1532 254 1614 anxit,
277 1533 422 1616 armavit,
442 1533 498 1596 ille
519 1532 646 1618 legibus
668 1531 810 1616 pervim
832 1534 866 1594 et
887 1533 981 1596 contr
1049 1609 1051 1612 ¹
1185 1540 1198 1556 '⁴

52 1617 187 1700 auspicia
212 1620 354 1684 ferendis
382 1624 508 1704 auctor,
539 1620 593 1684 ille
614 1618 738 1684 Galliae
760 1619 922 1684 ulterioris
946 1619 987 1683 ad

54 1702 184 1790 iunctos,
214 1708 269 1772 ille
303 1729 415 1793 gener,
452 1709 506 1772 ille
537 1709 573 1773 in
605 1708 789 1792 adoptando
820 1707 856 1771 P.
887 1705 1000 1772 Clodio

55 1812 157 1876 augur,
178 1796 233 1860 ille
253 1796 444 1862 restituendi
457 1797 521 1862 mei
534 1817 630 1880 quam
644 1795 805 1860 retinendi
818 1796 1001 1878 studiosior,

54 1879 102 1942 ille
121 1885 304 1965 provinciae
326 1889 532 1969 propagator,
553 1886 608 1949 ille
626 1885 770 1950 absentis
792 1885 828 1948 In
850 1885 1000 1949 omnibus

56 1967 134 2033 rebus
144 1971 281 2055 adiutor,
302 1973 388 2037 idem
406 1975 504 2037 etiam
515 1973 612 2038 tertio
627 1974 807 2056 consulatu,
827 1975 1000 2056 postquam

57 2075 117 2120 esse
129 2057 278 2125 defensor
290 2062 337 2125 rei
350 2061 497 2145 publicae
512 2062 626 2145 coepit,
648 2061 823 2142 contendit,
839 2063 878 2123 ut
891 2059 1000 2122 deoem

57 2143 165 2210 tribuni
187 2149 231 2231 qil.
252 2148 385 2233 ferrent,
406 2154 444 2214 ut
457 2150 599 2214 absentis
613 2150 697 2213 ratio
710 2148 891 2229 hebetetur,
914 2146 1000 2230 quod
1072 2180 1081 2202 ι

58 2230 131 2298 idem
150 2235 220 2319 ipse
244 2237 352 2302 sanxit
372 2237 444 2324 lege
466 2237 606 2322 quadam
627 2258 698 2320 sua,
719 2235 892 2318 Marcoque
914 2233 1000 2298 Mar-

58 2320 126 2385 cello
147 2325 272 2389 consuli
294 2325 420 2390 finienti
441 2326 623 2410 provincias
646 2324 767 2389 Gallias
780 2323 1000 2388 Kalendarum

59 2404 235 2476 Martiarum
266 2413 317 2478 die
348 2415 468 2478 restitit
494 2449 536 2461 —-
564 2414 633 2496 scd,
664 2415 702 2477 ut
732 2411 812 2477 baec
843 2411 1000 2494 omittam,

59 2497 123 2576 quid
134 2499 269 2585 foedius,
291 2501 368 2586 quid
389 2503 608 2586 perturbatius
621 2501 684 2566 hoo
698 2501 739 2564 ab
755 2500 835 2564 urbe
856 2499 999 2564 discessu

58 2583 114 2648 sive
146 2590 253 2671 potius
284 2590 472 2674 turpissime
501 2589 603 2674 Iuga?
641 2609 723 2672 quae
754 2587 900 2654 condicio
931 2609 1000 2652 non

59 2673 230 2757 accipienda
265 2677 329 2742 fuit
358 2679 466 2762 potius
498 2698 595 2762 quam
626 2676 837 2761 relinquenda
872 2675 1000 2760 patrie?

60 2761 147 2826 malae
168 2765 373 2830 condiciones
397 2769 502 2849 erant,
523 2766 638 2849 fateor,
660 2766 716 2830 sed
737 2787 817 2829 num
839 2765 916 2848 quid
937 2764 999 2828 lroe

61 2848 156 2928 peius?
190 2852 259 2937 ,At
285 2855 486 2937 recuperabit
511 2873 581 2917 rem
607 2851 796 2936 publicam.“
840 2849 1027 2926 Quandols

74 3145 79 3154 Ι
117 3075 165 3148 Ep.
184 3086 209 3148 3,
229 3085 254 3134 2.
273 3084 291 3145 †
309 3097 365 3134 aon
382 3081 496 3148 saturus
513 3095 534 3135 a.
554 3079 627 3149 (W.).
648 3095 705 3135 uoo
722 3080 742 3146 f.
762 3079 837 3117 Μ’*
854 3092 886 3143 a,
903 3077 936 3130 ut
953 3092 999 3130 ex·

61 3144 162 3226 ederint
188 3149 273 3220 plura
299 3151 329 3204 in
356 3152 429 3205 banc
455 3149 514 3204 fere
541 3150 722 3204 renuntiem:
754 3149 791 3202 eit
816 3148 875 3201 aaa
902 3147 1000 3216 aliquo

61 3221 210 3295 {minim
236 3222 263 3274 ei
285 3221 376 3276 eudem
398 3221 522 3275 modicia
543 3223 675 3276 martemt
696 3219 809 3287 (moa.)
833 3218 884 3271 aut
898 3218 937 3270 rit
952 3216 1000 3271 eut

60 3290 118 3342 sau
134 3291 175 3359 (Ι.)
194 3290 321 3345 similare
339 3291 448 3359 aliquid
466 3291 513 3358 (W
515 3334 520 3345 .
538 3297 551 3345 ‘l
582 3307 679 3345 nomen
696 3291 727 3357 f,
749 3304 770 3342 a.
794 3289 849 3342 Iao.
869 3286 998 3352 Gronov,

61 3353 84 3409 B·
100 3387 128 3400 -
145 3363 238 3428 atquo
255 3363 274 3426 †
291 3361 352 3427 fore
368 3362 493 3416 &decore
553 3402 567 3429 .,
591 3360 759 3426 redducere,
781 3357 824 3426 a,
849 3359 882 3428 t,
907 3356 956 3410 sed
974 3356 998 3410 is

59 3429 141 3501 dtur,
161 3434 228 3503 W,).
245 3433 303 3490 Vul
358 3433 417 3488 sina
436 3438 463 3500 †.
480 3449 506 3491 u.
525 3433 597 3500 forte
614 3433 640 3488 ct.
659 3434 691 3499 I.‚
708 3433 735 3492 h.
758 3434 820 3500 (scd
840 3434 865 3488 is
887 3435 999 3491 dolore.

59 3501 327 3704 33333332522.
346 3517 375 3634 ἲ
396 3543 423 3636 1).
432 3507 560 3622 tta]
577 3501 714 3636 ut?
728 3502 893 3640 aaz-,u
911 3501 970 3638 <lt

82 3649 118 3702 u,
164 3678 169 3691 .
