2590 3964
226 227 290 291 100
508 225 546 280 ri
565 223 690 280 TULLII
706 221 898 280 CICERONIS

657 401 747 468 XIV.

258 525 317 582 Ser.
337 523 554 582 Thessalonicae
572 523 632 578 XII.
650 523 793 578 Kalendas
812 523 932 578 Sextiles
951 541 976 578 a.
995 541 1022 580 u
1042 541 1066 578 o.
1085 531 1147 580 896.

512 627 642 686 CICERO
661 629 796 686 ATTICO
816 628 892 684 SAL.
916 695 922 704 ,

196 759 208 800 ι
288 737 340 803 Ex
370 738 436 804 tuis
470 738 588 802 litteris
619 737 735 823 plenus
767 760 839 802 sum
871 739 1110 822 exspectatione
1142 739 1186 804 de

221 828 390 912 Pompeio,
426 826 581 911 quidnam
616 825 656 890 ‹le
691 827 788 891 nobis
818 826 898 891 velit
929 830 987 892 aut
1017 826 1187 912 ostendat3

222 917 353 982 comitia
380 916 467 980 enim
498 913 594 979 credo
620 935 689 978 esse
716 914 842 998 habita,
873 915 990 998 quibus
1023 916 1186 981 absolutis

223 1006 335 1070 scribis
362 1005 410 1069 illi
436 1003 595 1089 placuisse
618 1003 673 1088 agi
702 1002 742 1067 de
763 1002 868 1069 nobis.
913 1001 948 1068 si
974 1003 1035 1069 tibi
1062 1005 1187 1069 stultus

222 1115 292 1158 esse
314 1093 438 1176 videor,
465 1091 520 1176 qui
543 1112 683 1176 sperem,
710 1091 796 1156 facio
819 1095 876 1157 tuo
899 1091 1003 1176 iussu,
1030 1093 1091 1158 etsi
1113 1093 1185 1158 scio

221 1186 255 1246 tc
277 1203 329 1246 me
352 1182 392 1246 iis
415 1180 560 1264 epistolis
582 1181 691 1264 potius
714 1183 748 1244 et
767 1201 855 1244 meas
869 1201 943 1264 spes
957 1181 1089 1246 solitum
1111 1203 1185 1246 esse

221 1271 385 1334 remorari.
420 1267 517 1332 Nunc
539 1268 637 1333 velim
658 1268 739 1333 mihi
760 1269 857 1352 plane
878 1270 1071 1354 perscribas,
1103 1271 1186 1353 quid

222 1358 341 1422 videas.
378 1355 451 1422 Scio
483 1378 544 1422 nos
575 1356 697 1421 nostris
724 1357 834 1421 multis
865 1358 1006 1441 peccatis
1032 1359 1067 1422 in
1094 1357 1186 1423 hanc

223 1467 410 1510 aerumnam
431 1445 595 1510 incidisse:
618 1466 656 1509 ea
679 1445 708 1509 si
730 1446 786 1529 qui
799 1467 892 1510 casus
906 1445 1015 1530 aliqua
1028 1468 1066 1511 ex
1087 1450 1186 1530 parte

222 1535 409 1618 correxerit,
439 1535 547 1598 minus
578 1534 713 1598 moleste
743 1533 884 1598 feremus
916 1555 977 1599 nos
1004 1535 1120 1599 vixisse
1149 1539 1187 1600 et

196 1623 329 1686 radhuc
359 1623 475 1687 rivere.
520 1619 593 1706 ligo
631 1625 764 1706 propter
795 1622 867 1686 viae
898 1623 1115 1687 celebritatem
1149 1628 1187 1688 et

223 1709 446 1794 quotidianam
475 1711 749 1794 exspectationem
785 1732 893 1775 rerum
923 1733 1081 1776 novarum
1111 1733 1186 1776 non

222 1799 381 1864 commovi
412 1820 463 1863 me
495 1798 601 1864 adhuc
623 1797 866 1881 Thessalonica3
893 1799 949 1864 sed
980 1799 1046 1864 iam
1075 1804 1184 1865 extru-

223 1887 336 1972 dimur,
358 1908 426 1952 non
445 1909 464 1952 a
482 1886 670 1952 Plancio-
695 1909 773 1951 nam
794 1887 823 1952 is
845 1887 975 1971 quidem
996 1889 1115 1952 retinet
1127 1923 1184 1974 -,

221 1996 332 2040 verum
347 1976 473 2059 abipso
495 1977 567 2040 loco
591 1975 722 2040 minime
743 1976 892 2061 apposito
915 1975 956 2040 ad
979 1976 1184 2042 tolerandam

222 2064 258 2128 in
284 2067 378 2129 tanto
404 2066 495 2129 luctu
522 2064 747 2128 calamitatem.
796 2062 837 2128 In
862 2062 1000 2148 Epirum
1026 2066 1112 2148 ideo,
1143 2069 1185 2130 ut

223 2153 428 2237 scripseram,
459 2174 527 2218 non
553 2153 641 2235 veni,
673 2151 759 2236 quod
791 2153 899 2217 subito
930 2152 1011 2218 mihi
1036 2153 1181 2218 universi

222 2241 330 2305 nuntii
351 2246 509 2307 venerant
521 2245 555 2306 et
576 2241 711 2324 litterae,
734 2262 833 2325 quare
846 2241 929 2306 nihil
943 2245 1029 2306 esset
1049 2262 1182 2306 necesse

223 2350 319 2412 quam
345 2330 490 2412 proxime
517 2328 647 2394 Italiam
674 2349 752 2394 esse.
797 2327 896 2414 Hinc,
924 2331 989 2395 m'si
1015 2329 1137 2414 aliquid
1161 2353 1182 2394 a

222 2415 360 2480 comitiis
396 2416 607 2500 audierimus,
641 2439 703 2483 nos
738 2418 772 2482 in
804 2416 917 2482 Asiam
948 2424 1182 2503 convertemus,
1283 2439 1288 2454 ¹

221 2524 326 2586 neque
357 2503 463 2568 adhuc
494 2504 615 2586 stabat,
652 2527 715 2588 quo
746 2506 966 2592 potissimum,
1002 2506 1058 2572 sed
1090 2507 1182 2572 scies.

221 2589 309 2656 Data
330 2608 388 2656 ΧΠ.
409 2591 483 2656 Kal.
506 2589 641 2656 Sextiles
665 2593 902 2660 Thessalonica
1007 2591 1011 2596 ’

664 2751 737 2817 XV.

223 2871 280 2926 Ser.
300 2867 516 2926 Thessalonicae
534 2871 608 2927 XIV.
626 2871 769 2927 Kalendas
788 2871 965 2944 Septembres
984 2889 1009 2928 a
1027 2891 1055 2928 u.
1074 2889 1098 2929 c.
1118 2881 1179 2931 696.

511 2974 642 3032 CICERO
660 2975 795 3033 ATTICO
815 2975 891 3032 SAL.

200 3083 212 3131 l
282 3075 698 3162 AccepildibusSextilibus
706 3079 858 3161 quattuor
868 3077 1020 3162 epistolas
1032 3079 1094 3143 ate
1105 3079 1180 3144 mis·

219 3181 284 3224 sas:
304 3181 410 3240 unam,
432 3182 495 3245 qua
508 3181 560 3224 me
574 3161 725 3245 obiurgas
740 3166 774 3226 et
787 3183 896 3246 rogas,
915 3166 952 3226 ut
965 3163 1026 3228 sim
1040 3163 1178 3248 firmior,

218 3342 442 3490 callist:
473 3343 915 3490 escurialfrssl,
933 3346 991 3482 tt*
1004 3345 1179 3483 bitu?

220 3475 280 3539 B.)?
315 3477 510 3556 macelli,
528 3494 569 3535 ac.
587 3478 722 3542 -Hsnc,
740 3480 799 3533 nis
816 3481 884 3549 (m).
918 3479 1125 3548 H.,eivulgo.
1145 3511 1177 3522 -

219 3543 412 3597 Thessalonica
435 3544 491 3606 (W.
507 3545 537 3598 et
557 3545 622 3613 On).
658 3545 864 3601 Thessalonicae
889 3548 984 3616 vulgo.
1020 3548 1072 3617 Ep.
1096 3554 1136 3614 15,
1155 3553 1177 3603 1.
1286 3555 1287 3558 ’

217 3612 347 3681 causas
358 3616 383 3664 ct
394 3625 475 3679 rocos
489 3612 543 3679 (Α,
557 3609 644 3665 hand.
657 3612 708 3682 ph.
717 3613 806 3678 lael).
820 3616 881 3669 Om.
894 3621 920 3670 ct
930 3632 953 3671 r.
966 3615 1013 3684 ll,
1025 3615 1068 3682 R,
1081 3617 1177 3686 vulgo.
