2484 3974
243 211 309 277 346
527 211 565 267 M.
584 212 708 268 TULLII
725 211 918 270 CICERONIS

243 377 443 422 arcessamur
466 393 507 404 -
529 356 616 441 quod
638 357 787 441 equidem
808 378 877 422 non
899 379 993 440 cur03
1018 357 1094 441 quid
1117 358 1197 422 enim

243 467 347 510 essem
369 445 408 509 de
431 465 510 530 pace
532 445 689 547 dicturus,
713 445 793 547 dixi,
815 445 884 530 ipse
907 446 1001 510 valde
1024 445 1197 529 repudiavit

243 533 1196 707 fasttiffmtttttttssttqtt⁰t¹³t⁹utt

243 710 372 794 accidit,
396 710 482 795 quod
503 711 635 776 maioris
658 710 785 776 consilii
807 714 900 776 esset.
944 710 1103 794 Trebatii,
1125 711 1196 776 boni

243 799 304 863 viri
326 803 360 863 ct
382 799 474 882 civis,
505 798 611 864 verbis
639 803 672 863 te
697 800 822 908 paudeo
845 799 1053 883 delectatum,
1083 804 1196 883 tuaque

242 887 306 952 ista
328 887 440 953 crebra
463 882 650 972 ἐκφώνησις
675 885 834 973 „ame‘pev“
855 910 907 953 me
930 889 1000 953 sola
1022 887 1128 952 adhuc
1150 888 1194 952 de·

243 976 383 1042 lentavit.
428 975 568 1040 Litteras
597 979 671 1041 tuas
692 976 900 1042 vehementer
926 979 1091 1061 exspecto,
1123 997 1194 1060 quas

216 1065 374 1148 squidem
399 1064 493 1129 credo
515 1065 580 1130 iam
605 1064 696 1130 datas
719 1085 798 1132 asse.
843 1064 892 1129 tu
922 1087 996 1129 cum
1018 1063 1115 1130 Serto
1138 1085 1194 1128 ser·

243 1154 327 1218 vasti
341 1154 534 1238 gravitatem
548 1153 691 1238 eandem,
714 1175 812 1238 quam
824 1153 905 1218 mini
918 1153 1085 1238 praecipis.
1111 1151 1194 1217 Celer

242 1246 319 1308 tuus
342 1242 480 1306 disertus
499 1242 603 1327 magis
617 1244 667 1306 est
680 1264 777 1327 quam
791 1243 929 1328 sapiens.
959 1241 1010 1308 De
1032 1242 1193 1307 iuvenibus

244 1351 325 1414 quac
349 1351 390 1394 ex
411 1330 518 1394 Tullia
541 1330 671 1415 audisti,
691 1353 768 1396 vera
790 1335 875 1396 sunt
919 1329 1086 1410 tMacoui
1104 1329 1193 1410 istud,

243 1418 330 1502 quod
353 1418 479 1504 scribis,
510 1441 578 1484 non
604 1419 685 1484 mihi
711 1419 838 1484 videtur
863 1422 932 1484 tam
960 1441 995 1484 re
1018 1440 1088 1483 esse
1108 1418 1191 1482 triste

243 1529 341 1590 quam
363 1507 471 1572 verbo.
515 1507 605 1572 Haec
632 1511 683 1572 est
709 1502 786 1592 ἄλη,
816 1508 852 1572 in
878 1529 943 1592 qua
969 1527 1057 1573 nunc
1082 1527 1191 1588 summ,

243 1596 356 1660 mort's
387 1596 505 1679 iustar3
536 1600 605 1662 aut.
625 1597 712 1662 enim
742 1596 822 1662 mihi
852 1596 952 1661 libere
982 1596 1068 1662 inter
1098 1595 1191 1659 malos

243 1682 455 1752 πολιτευτέον
493 1685 558 1750 fuit
593 1689 652 1750 aut
686 1686 737 1750 vel
774 1685 952 1770 periculose
989 1705 1063 1749 cum
1097 1683 1192 1770 bonis.¹
1234 1701 1235 1716 ³

242 1772 264 1850 †
295 1771 365 1836 Aut
395 1793 456 1838 nos
491 1774 708 1838 temeritatem
742 1773 903 1840 bonorum
939 1794 1110 1857 sequamur
1141 1773 1190 1834 aut

244 1860 410 1926 audaciam
423 1861 643 1946 improborum
659 1863 866 1927 insectemur:
888 1865 1060 1946 utrumque
1079 1860 1188 1945 pericu·

242 1949 348 2014 losum
372 1947 429 2034 est,
452 1956 487 2015 at
508 1951 587 2035 hoc,
609 1950 694 2035 quod
718 1951 857 2036 agimus,
879 1954 987 2036 turpe,
1010 1971 1071 2015 nec
1092 1953 1188 2014 tamen

242 2042 358 2103 tutum.
393 2038 507 2123 Istum,
529 2039 585 2123 qui
604 2039 707 2104 filium
719 2037 929 2104 Brundisium
952 2037 990 2104 ds
1013 2058 1093 2124 pace
1113 2035 1187 2101 misit

243 2163 286 2174 -
315 2127 355 2194 de
386 2149 465 2212 pace
496 2127 581 2192 idem
613 2128 731 2211 sentio,
766 2127 853 2212 quod
884 2131 934 2211 tu,
965 2127 1187 2192 simulationem

243 2236 313 2281 esse
345 2219 503 2301 apertam,
534 2216 642 2300 parari
673 2220 782 2281 autem
812 2216 934 2280 bellum
965 2216 1118 2280 acerrime
1145 2247 1186 2292 -,

242 2304 387 2388 legatum
399 2303 448 2388 iri,
470 2325 538 2370 non
551 2325 603 2368 ma
621 2304 770 2388 arbitror,
792 2304 882 2369 cuius
896 2304 1011 2387 adhuc,
1033 2309 1071 2368 ut
1085 2299 1186 2386 optavi,
1232 2321 1233 2344 ³

243 2393 365 2457 mantio
396 2393 484 2457 facta
515 2393 606 2458 nulla
637 2393 693 2457 sit:
729 2414 767 2458 eo
799 2393 907 2456 minus
937 2392 1043 2458 habeo
1074 2408 1187 2456 necesse

243 2480 382 2544 scribere
405 2483 462 2544 aut
484 2481 583 2545 etiam
604 2481 760 2568 cogitare,
793 2480 870 2564 quid
897 2480 959 2546 sim
984 2480 1143 2564 facturus,
1167 2475 1188 2541 si

243 2568 404 2652 acciderit,
426 2573 465 2633 ut
485 2569 619 2654 legerer.

314 2759 366 2830 Ep.
385 2765 414 2828 2,
434 2765 458 2816 4.
495 2761 650 2826 †Mccum
677 2761 768 2830 (ΖΜ)
805 2761 917 2818 Mecum
940 2778 967 2830 q.
1005 2761 1134 2816 Macrum
1152 2754 1188 2812 vel

245 2832 371 2887 Maccom
398 2831 460 2886 cdd.
489 2831 620 2916 Popmae.
652 2832 808 2899 †Macom'
834 2831 919 2887 ΜΙΒ.
953 2832 997 2887 Μ.
1025 2827 1187 2886 muniit

245 2903 356 2960 Malum
374 2902 460 2971 (W.)?
479 2905 601 2971 Muscas
619 2903 768 2972 (Popma)?
787 2932 820 2942 —
839 2903 925 2958 bonis.
942 2906 962 2969 †
980 2902 1041 2958 Aac
1059 2903 1132 2971 (W.).
1156 2899 1188 2960 ti

243 2975 303 3041 red,
324 2979 356 3028 ut
372 2989 422 3028 uos
440 2977 490 3028 aut
509 2974 638 3040 ...ias.,
655 2979 798 3042 utrunque
816 2973 901 3041 (W.)?
932 2978 983 3028 acet
1000 2974 1073 3028 enim
1090 2974 1107 3026 1.
1124 2972 1141 3026 i.
1156 2985 1185 3022 a·

244 3063 272 3100 π.
292 3050 342 3100 aut
360 3085 367 3099 .
382 3088 388 3100 .
404 3085 411 3098 .
430 3044 522 3110 bouis,
543 3049 576 3098 ut
592 3059 644 3098 nos
661 3048 711 3100 aut
728 3048 747 3098 t.
766 3082 774 3098 .
793 3083 800 3100 .
818 3045 886 3098 inu:
912 3059 940 3098 u.
965 3042 1073 3113 (Sem
1091 3044 1129 3107 b.;
1148 3041 1186 3094 esd

243 3131 294 3170 uus
313 3155 319 3169 .
335 3156 341 3170 .
356 3156 363 3172 .
381 3116 434 3171 ins.
458 3115 491 3170 U.
509 3115 540 3168 B.
560 3143 594 3154 -
613 3115 743 3168 acerrime
754 3143 799 3181 -,
818 3115 834 3168 l.
852 3114 901 3181 iri,
917 3129 975 3170 acu
991 3115 1108 3170 mart.
1126 3109 1183 3180 (Wt

244 3203 270 3242 a.
289 3186 420 3254 elequtem
437 3187 476 3240 iri
493 3200 550 3239 noa
567 3201 593 3240 a.
617 3184 682 3252 ML,
706 3183 775 3239 Oxx.
807 3201 844 3250 a,
865 3201 906 3240 ute
924 3185 942 3238 t.
960 3185 981 3238 ι’.
999 3202 1029 3239 n.
1047 3193 1074 3241 u
1091 3184 1121 3240 R.
1138 3175 1183 3247 (set

244 3257 425 3325 scammum),
443 3256 490 3310 lB.
518 3285 552 3296 -
584 3259 602 3322 †
621 3255 720 3380 legerer
737 3253 815 3337 (Mi,
833 3254 896 3310 edu
914 3253 981 3311 usu
1001 3257 1032 3312 et
1048 3273 1094 3323 m..
1112 3251 1183 3316 012).

245 3327 348 3396 lecum
365 3326 453 3396 (Bac.)
471 3327 522 3381 aut
539 3327 609 3397 {cuer
628 3327 638 3394 (
661 3341 714 3380 orr.
734 3341 815 3396 conJ,
832 3325 887 3395 R).
