2582 3980
253 243 513 302 EPISTOLARUM
532 244 584 310 AD
602 244 756 302 BRUTUM
774 246 795 300 1.
814 251 892 302 7-9.
950 331 952 335 Ι
988 246 1051 312 621

472 449 476 454 ’
547 473 603 536 rx.

463 591 507 648 (n.
526 597 552 632 u.
573 595 595 634 c.
617 581 687 646 ιιι.)

390 682 518 740 CICERO
536 683 660 740 BRUTO
679 683 756 740 SAL.

160 793 328 879 Fungerer
342 791 459 878 officio,
481 796 597 878 quotu
616 793 748 859 functus
763 816 797 859 es
811 794 846 860 in
859 816 931 861 meo
954 796 1079 882 luetu,1

87 887 190 969 teque
213 904 271 968 per
292 882 417 946 litteras
440 882 638 966 consolarer,
669 882 733 946 nisi
755 884 869 949 scirem
891 885 932 948 iis
953 905 1053 950 reme-

89 973 170 1056 diis,
202 970 318 1056 quibus
341 991 449 1035 meum
472 969 616 1035 dolorem
637 973 675 1035 tu
697 970 852 1056 levasses,
882 975 916 1037 te
938 973 973 1037 in
996 977 1053 1038 tuo

89 1083 163 1126 non
178 1080 289 1146 egere,
313 1080 351 1123 ac
364 1058 461 1122 velim
474 1057 611 1143 facilius,
634 1080 731 1143 quam
754 1063 833 1125 tuno
855 1060 944 1145 mihi,
966 1081 1053 1126 nunc

89 1150 155 1214 tibi
182 1151 253 1214 tute
284 1147 444 1230 medeare,
476 1150 526 1212 cst
553 1150 661 1212 autem
688 1148 829 1213 alienum
855 1152 948 1215 tanto
976 1149 1055 1234 viro,

90 1241 238 1324 quantus
265 1258 299 1301 es
325 1239 376 1320 tu,
407 1235 493 1320 quod
521 1236 615 1300 alteri
646 1237 857 1322 praeceperit,
887 1237 920 1302 id
947 1237 1054 1323 ipsum

89 1327 202 1392 facere
224 1347 291 1390 non
313 1346 417 1410 posse.
452 1323 506 1390 Me
527 1324 656 1409 quidem
679 1347 778 1410 quum
800 1327 952 1411 rationes,
974 1348 1054 1412 quas

91 1417 281 1500 collegeras,
303 1417 373 1478 tum
396 1413 572 1478 auctoritas
593 1416 651 1478 tua
674 1436 694 1478 a
716 1413 817 1480 nimio
839 1436 983 1480 maerore
1002 1415 1054 1480 de·

91 1504 226 1586 terruit,
249 1525 349 1587 quum
371 1502 458 1566 enim
481 1501 609 1567 mollius
622 1502 683 1567 tibi
696 1502 780 1568 ferre
803 1503 936 1588 viderer,
957 1526 1054 1588 quam

92 1593 225 1658 deceret
245 1592 362 1674 virum,
391 1591 581 1676 praesertim
603 1613 689 1676 eum,
712 1590 768 1676 qui
791 1591 871 1657 alios
894 1593 1055 1658 consolari

93 1681 224 1765 soleret,
246 1680 405 1744 accusasti
423 1700 475 1744 me
496 1701 553 1765 per
570 1680 695 1744 litteras
714 1681 916 1766 gravioribus
938 1682 1053 1766 verbis,

92 1792 195 1854 quam
216 1772 274 1833 tua
296 1768 495 1834 consuetudo
514 1768 649 1834 ferebat:
672 1769 782 1854 itaque
795 1763 949 1836 iudicium
961 1773 1055 1836 tuum

93 1858 210 1944 magni
237 1858 411 1923 aestimans
437 1857 533 1942 idque
560 1859 681 1923 veritus
708 1880 759 1923 me
785 1859 855 1942 ipse
885 1860 1000 1948 collegi
1022 1863 1056 1923 et

93 1969 149 2032 ea,
176 1968 258 2032 quae
281 1945 468 2031 didiceram,
494 1945 649 2033 legeram,
676 1967 875 2030 acceperam,
906 1946 1081 2031 graviores

94 2035 175 2102 duxi
196 2039 255 2100 tua
277 2034 468 2099 auctoritate
491 2033 609 2100 addita.
649 2032 699 2098 Ac
725 2034 806 2098 mihi
831 2037 916 2118 tum,
946 2033 1056 2118 Brute,

94 2124 207 2192 officio
231 2122 335 2187 solum
358 2124 428 2185 erat
450 2125 483 2186 et
505 2124 656 2206 naturae,
687 2121 747 2187 tibi
769 2143 857 2187 nunc
879 2124 999 2207 populo
1023 2126 1056 2187 et

94 2231 228 2295 scenae,
254 2213 291 2275 ut
313 2209 438 2293 dicitur,
461 2210 664 2276 serviendum
687 2213 750 2294 est3
782 2232 873 2295 nam,
899 2233 999 2296 quum
1020 2211 1056 2276 in

95 2305 131 2368 te
154 2321 223 2366 non
246 2299 351 2364 solum
373 2299 530 2364 exercitus
553 2299 611 2383 tui,
633 2299 688 2364 sed
712 2300 856 2364 omnium
878 2299 996 2365 civium
1009 2320 1056 2364 ac

95 2410 202 2476 paene
229 2387 375 2474 gentium
402 2388 539 2452 coniecti
572 2388 658 2453 oculi
684 2388 762 2471 sint,
793 2387 924 2452 minime
957 2388 1056 2472 decet,
1109 2409 1113 2412 ·

96 2481 232 2564 propter
263 2498 359 2561 quem
384 2476 535 2541 fortiores
562 2477 660 2541 ceteri
689 2498 813 2560 sumus,
845 2498 918 2541 eum
949 2477 1056 2561 ipsum

96 2568 209 2632 animo
232 2565 435 2631 debilitatum
458 2565 567 2630 videri.
608 2564 823 2642 Quamobrem
846 2565 998 2650 accepisti
1019 2569 1056 2632 tu

98 2655 229 2739 quidem
252 2653 396 2719 dolorem
419 2689 461 2701 -
484 2653 518 2719 id
540 2653 627 2719 enim
649 2653 793 2737 amisisti,
822 2653 874 2720 cui
896 2653 999 2720 simile
1021 2655 1057 2719 in

99 2743 196 2810 terris
218 2743 301 2808 nihil
323 2742 387 2808 fuit
409 2779 461 2827 -·,
488 2745 521 2807 et
542 2746 593 2808 est
615 2742 788 2808 dolendum
813 2743 849 2808 in
874 2746 943 2808 tam
966 2745 1057 2828 gravi

99 2833 246 2916 vulnere,
277 2853 318 2896 nc
340 2831 375 2897 id
400 2832 521 2917 ipsum,
552 2852 659 2896 carere
686 2832 775 2897 omni
804 2852 901 2897 sensu
928 2831 1057 2916 doloris,

99 2922 144 2986 sit
166 2921 313 2986 miserius
336 2943 434 3006 quam
463 2920 584 3005 dolere,
615 2919 686 3003 sed,
717 2923 754 2984 ut
774 2919 912 3003 modice,
943 2920 1057 2986 ceteris

98 3011 181 3076 utile
203 3013 261 3093 est,
282 3009 343 3076 tibi
364 3031 494 3075 necesse
517 3012 575 3074 est.
607 3006 785 3074 Scriberem
806 3008 909 3092 plura,
930 3008 994 3073 nisi
1016 3008 1084 3073 ada

99 3101 134 3164 te
155 3098 237 3164 haec
258 3098 331 3183 ipsa
352 3099 448 3164 nimis
471 3098 574 3163 multa
597 3098 714 3163 essent.
755 3095 826 3161 Nos
847 3099 881 3161 te
903 3100 1057 3181 tuumque

99 3187 276 3254 exercitum
289 3189 519 3271 exspectamus,
542 3187 611 3252 sine
625 3207 699 3270 quo,
721 3186 758 3249 ut
780 3185 903 3270 reliqua
926 3206 964 3249 ex
987 3206 1057 3250 sen·

98 3276 205 3342 tentia
227 3275 409 3358 succedant,
436 3275 490 3340 vix
512 3275 591 3340 satis
613 3273 706 3339 liberi
728 3273 872 3339 videmur
893 3272 973 3338 fore.
1008 3272 1057 3338 De

171 3449 225 3520 Ep.
240 3457 265 3519 9,
280 3456 305 3506 1.
323 3450 360 3505 iis
372 3449 497 3505 remediis
511 3449 626 3521 (vulgo).
644 3449 677 3504 ia
689 3465 713 3504 r.
731 3448 763 3504 B.
778 3464 830 3504 err.
844 3450 904 3520 typ.
923 3480 957 3489 -
975 3465 1058 3518 quam

100 3525 168 3576 tuce
180 3521 248 3576 meas
265 3520 316 3590 (R,
334 3519 439 3592 vulgo).
457 3537 481 3590 q.
495 3521 528 3575 ia
540 3525 588 3576 teo
601 3536 636 3575 m.
650 3520 686 3574 M.
706 3518 766 3589 (qui
779 3535 865 3589 supra
878 3537 932 3575 om.
945 3521 978 3574 ia
991 3523 1056 3590 tue).

99 3608 126 3661 q.
145 3608 179 3648 aa
197 3592 227 3661 1..
248 3589 293 3647 Or.
308 3592 351 3662 11,
369 3591 401 3646 B.
437 3597 463 3647 a.
481 3591 536 3658 scd,
553 3595 586 3646 ut
602 3607 636 3646 m.
656 3607 677 3646 c.
696 3607 724 3646 u.
742 3595 790 3658 est,
807 3592 850 3647 ita
866 3591 919 3647 tibi
937 3589 1022 3662 (W.)?
1060 3615 1064 3626 =
