2510 3958
119 229 125 241 ·
218 209 476 266 EPISTOLARUM
493 211 543 266 AI>
561 208 726 266 ATTICUM
744 209 816 266 VIII.
836 217 878 266 11.
956 209 1020 274 281

89 353 225 438 subsequi.
270 352 409 438 Oenreo,
440 354 481 419 ad
509 376 569 419 nos
596 354 764 419 Luceriam
791 354 915 438 renias3
946 375 1023 419 nam

87 445 113 506 te
131 442 176 508 bio
196 443 354 508 tutissime
376 445 456 527 puto
478 443 557 508 fore.

525 635 563 702 B.

113 754 162 810 Sor.
179 757 299 813 Formiis
318 774 343 812 a.
362 757 388 813 d.
407 757 481 813 XIV.
499 757 642 813 Kalendas
659 755 777 847 Martias
795 774 820 813 a.
839 775 866 812 u.
886 773 908 811 o.
929 763 989 813 705.

161 863 197 917 M.
216 862 347 919 CICERO
366 864 440 920 IMP.
460 863 487 919 S.
505 863 538 919 D.
559 863 616 920 GN.
635 863 768 920 MAGNO
786 861 936 918 PROCOS.

136 971 172 1036 A.
191 971 221 1036 d.
234 990 291 1038 xv.
304 972 440 1038 Kalend.
454 971 588 1038 Martias
606 971 745 1038 Formiis
764 972 873 1057 aeoepi
886 974 960 1036 tuas
973 971 1025 1035 lit
1039 995 1052 1038 ι

85 1063 166 1144 teras,
184 1081 223 1126 ex
237 1061 354 1145 quibus
367 1083 419 1145 ea,
443 1083 524 1145 quae
538 1062 573 1125 in
587 1081 666 1147 agro
680 1060 799 1126 Piceno
816 1062 909 1147 gesta
924 1062 1037 1144 erant,

85 1149 205 1232 cognovi
228 1148 447 1216 commodiora
460 1170 530 1215 esse
553 1151 666 1233 multo,
688 1170 784 1234 qnam
798 1153 835 1215 ut
848 1151 918 1213 erat
931 1147 1025 1212 nobis
1040 1155 1042 1160 ’

84 1237 262 1322 nuntiatum,
278 1237 476 1322 Vibulliique
491 1239 643 1303 virtutem
656 1238 911 1322 industriamque
924 1237 1025 1300 liben-

84 1327 122 1387 ter
133 1326 256 1410 agnovi
283 1323 352 1391 Nos
363 1326 466 1391 adhue
475 1326 511 1390 in
520 1348 558 1391 ea
568 1348 634 1412 ora,
646 1327 703 1391 ubi
716 1326 893 1411 praepositi
907 1346 1026 1407 sumus,

84 1411 120 1475 ita
138 1413 266 1497 fuimus,
287 1418 325 1479 ut
341 1435 458 1479 narem
480 1419 628 1499 paratam
649 1414 855 1498 haberemus3
878 1436 917 1478 ea
939 1413 1026 1477 enim

85 1501 277 1567 audiebamus
304 1507 338 1567 et
364 1524 401 1568 ea
429 1503 630 1586 verebamur,
659 1507 708 1587 ut,
740 1503 962 1587 quodcumque
988 1505 1026 1565 tn

85 1589 237 1656 eonsilium
260 1591 502 1676 †peroepisses,
523 1592 557 1656 id
579 1592 674 1657 nobis
696 1591 953 1677 persequendum
967 1612 1026 1674 pu·

85 1679 218 1743 teramus.
246 1678 351 1764 Nune,
374 1679 527 1764 quoniam
551 1679 743 1745 auctoritate
757 1684 790 1744 et
812 1679 947 1745 oonsilio
968 1680 1026 1742 tuo

84 1764 112 1827 in
131 1788 183 1850 spe
203 1767 345 1832 firmiore
369 1789 488 1852 sumus,
511 1769 538 1833 si
552 1769 656 1833 teneri
677 1790 772 1852 posse
794 1771 890 1852 putas
911 1767 1026 1831 Tarra·

85 1853 175 1920 auam
196 1860 225 1920 et
247 1877 337 1920 oram
354 1857 559 1940 maribimam,
581 1858 669 1921 inea
682 1857 829 1940 manebo,
852 1855 913 1921 etsi
935 1876 1026 1939 prae·

85 1941 153 2006 sidia
171 1944 206 2008 in
229 1944 356 2029 oppidis
385 1945 476 2009 nulla
499 1948 587 2029 sunt3
618 1965 714 2010 nemo
741 1945 828 2009 enim
849 1945 954 2009 nostri
977 1964 1026 2007 or·

84 2027 155 2095 dinis
174 2032 209 2097 in
231 2033 284 2097 his
305 2033 385 2098 loeis
409 2037 458 2097 est
480 2037 609 2117 praeter
621 2033 664 2097 M.
678 2031 829 2116 Eppium,
852 2052 946 2116 quem
965 2049 1026 2114 ego

84 2114 243 2184 Minturnis
275 2141 344 2186 esse
376 2122 478 2206 volui,
508 2122 698 2207 vigilantem
726 2119 891 2185 hominem
919 2122 952 2183 et
978 2118 1028 2182 in·

84 2204 236 2293 dnsbium,
259 2230 336 2274 nam
349 2209 385 2274 L.
400 2209 608 2294 Torquatum,
630 2209 735 2274 virum
757 2208 876 2273 fortem
899 2210 932 2272 et
954 2227 1027 2271 eum

85 2296 270 2382 auctoritate,
291 2296 430 2363 Formiis
450 2320 519 2363 non
540 2298 706 2380 habemus,
728 2295 770 2360 ad
792 2299 825 2362 te
847 2295 1028 2380 profertum

84 2382 272 2452 arbitramur.
298 2385 371 2472 Ego
389 2387 532 2470 omnino,
553 2391 591 2451 ut
612 2385 757 2471 proxime
770 2384 831 2450 tibi
853 2385 1054 2468 placueratr

84 2465 212 2556 Capuam
242 2475 317 2538 veni
339 2495 378 2540 eo
404 2476 476 2558 ipso
500 2475 564 2560 die,
595 2496 660 2559 quo
686 2478 724 2538 tn
751 2473 862 2538 Teano
886 2471 1027 2538 Sidicino

84 2577 112 2621 es
131 2562 289 2644 profectus
303 2599 348 2609 -
362 2563 510 2628 volueras
533 2563 619 2628 enim
641 2584 692 2628 me
716 2583 790 2628 oum
811 2560 855 2627 Μ.
874 2559 1027 2628 Considio

83 2655 290 2733 propraetore
304 2652 361 2716 illa
374 2652 507 2737 negotia
520 2652 604 2718 tueri
618 2675 675 2735 -3
695 2673 794 2737 quum
807 2672 846 2716 eo
860 2651 1028 2734 venissem,

84 2733 139 2800 u'di
159 2737 193 2803 Τ.
206 2738 363 2824 Ampium
385 2740 545 2804 deleotum
566 2739 685 2804 habere
708 2738 963 2824 diligentissime,
986 2737 1027 2802 ab

84 2842 115 2886 eo
135 2827 274 2912 aooipere
298 2825 469 2914 Libonem,
501 2849 626 2892 summa
647 2828 726 2893 item
747 2827 917 2913 diligentia
938 2825 1029 2891 etin

83 2909 130 2974 ille
150 2916 275 2981 colonia
298 2916 504 3000 auctoritate,
527 2915 593 3006 Q
589 2913 728 3001 Capuae,
751 2915 857 3000 quoad
871 2913 1028 2981 eonsules.

83 2995 199 3088 Iterum,
220 3009 259 3070 ut
282 3006 353 3069 erat
373 3005 514 3070 edietum
536 3027 556 3070 a
578 2993 1045 3088 consmffiweffipuam‘

67 3086 118 3172 ,ad
137 3087 246 3158 Nonas
268 3091 435 3176 Februan3
462 3114 561 3177 quum
582 3093 716 3158 fuissem
737 3090 894 3175 triduum,
922 3089 1029 3172 recepi

83 3193 125 3240 me
137 3177 290 3246 Formias.
321 3179 427 3267 Nune,
449 3181 536 3266 qnod
556 3186 650 3246 tuum
673 3180 844 3246 eonsilium
865 3181 923 3244 ant
945 3196 1054 3263 quaes

87 3423 133 3487 -7
143 3405 192 3476 Ep.
206 3409 246 3477 13,
262 3416 287 3464 1.
305 3409 355 3465 abi
368 3411 522 3480 praepositi
540 3409 655 3480 (vulgo).
673 3407 720 3464 eui
728 3423 773 3478 pr·
788 3405 866 3476 (lb.)?
885 3409 1027 3489 -·†per-

83 3487 181 3604 53:3st
195 3477 291 3620 plegii..)
314 3496 408 3550 praec.
429 3482 470 3550 (1,
484 3480 581 3551 vulgo)
600 3481 721 3548 autoep.
737 3478 797 3547 (a).
835 3483 858 3531 2.
878 3476 927 3532 aba
944 3492 1027 3547 parma
