2574 3966
241 197 310 262 444
526 193 565 253 u.
584 191 920 262 nununcrcnnonrs

239 340 475 424 Dananppum
488 337 587 404 uelim
599 335 805 425 aggrediare:
824 337 863 422 io,
885 338 1010 423 opinor,
1031 340 1085 404 im
1098 343 1204 426 purten
1256 333 1261 345 '

212 431 318 496 *fecit
339 430 374 496 in
396 429 469 512 ripn
488 425 598 492 nmcio
622 427 839 510 quotenormn
859 425 1023 512 iugerum,
1056 431 1099 493 ut
1122 433 1205 494 certe
1265 440 1276 510 t

239 519 345 606 pretia
358 516 578 598 constitueret,
600 535 683 598 quoe
700 513 781 578 mihi
793 516 873 579 notu
886 535 955 580 non
968 520 1062 601 sunt3
1087 517 1205 582 scribes

132 642 135 647 -
213 607 282 674 red
304 627 358 672 me
377 606 492 690 igitur,
509 602 665 688 quidquid
678 602 793 687 egeris.
820 601 1039 668 Vehementer
1052 627 1110 671 mo
1124 607 1206 671 solli·

241 696 320 763 citet
342 693 470 760 Atticae
491 695 624 758 nostrae
645 691 813 774 valetudo,
837 694 877 755 ut
897 713 1011 756 verear
1031 693 1147 780 etiam,
1167 715 1206 758 ne

241 805 324 868 quse
345 783 440 866 culpe
462 781 523 864 siu
543 779 599 847 sed
622 782 656 844 et
676 779 860 865 paedagogi
881 781 1028 864 probiter
1042 786 1080 848 et
1094 783 1206 848 medici

241 872 415 938 assiduitas
440 873 474 934 et
499 872 572 936 tote
597 867 711 934 domus
738 867 773 932 in
800 868 890 933 omni
916 889 1037 955 genere
1068 871 1206 958 <litigem

240 983 292 1029 mc
314 981 425 1026 numus
438 958 472 1024 id
486 956 641 1042 mretricem
656 960 759 1022 vetet:
783 977 863 1022 curn
872 957 986 1043 igitur3
1009 960 1206 1046 pimenius

241 1071 312 1116 non
330 1069 472 1134 potuum.
1004 1072 1008 1080 ’

648 1309 801 1376 XXXIV.

331 1433 389 1491 θοι.
408 1434 528 1490 Asturae
546 1433 666 1488 exeunte
683 1447 779 1486 mense
796 1431 901 1488 Martio
920 1450 944 1488 a.
963 1451 991 1489 n.
1010 1451 1034 1491 c.
1056 1439 1122 1491 709.

512 1535 662 1594 olomeo
679 1535 832 1592 mmo
849 1537 933 1594 SAL.

216 1671 229 1710 r
310 1647 384 1734 Ego
411 1648 465 1714 hic
490 1648 545 1714 vel
572 1647 642 1712 sine
665 1645 757 1712 Sicco
779 1683 821 1696 -
845 1646 958 1712 Tironi
980 1647 1070 1714 enim
1094 1649 1205 1714 melius

243 1740 349 1802 est-
362 1737 517 1802 facillime
538 1757 669 1820 possem
682 1756 761 1820 esse,
783 1738 822 1802 ut
841 1736 994 1820 inmotis,
1016 1737 1203 1822 sed-quum

243 1825 365 1892 scribas
387 1825 562 1892 videndum
583 1824 664 1890 mihi
686 1845 772 1907 esse,
801 1845 844 1888 ne
867 1825 1048 1910 opprimar,
1080 1847 1123 1892 ex
1144 1847 1203 1910 guo

241 1915 464 2001 intelligebam
485 1917 519 1978 te
541 1916 665 1980 certum
687 1912 772 1976 diem
793 1912 881 1977 illius
903 1913 1120 1996 profectionis
1141 1935 1202 1980 non

241 2004 378 2089 hebere,
411 2002 525 2088 putari
555 2023 625 2068 esse
657 2000 856 2066 commodius
887 2023 939 2066 me
969 2003 1055 2068 istuc
1088 2003 1203 2084 venire,

245 2093 332 2178 quod
353 2092 439 2158 idem
461 2091 554 2156 video
577 2089 637 2154 tibi
659 2089 798 2175 placere:
821 2111 891 2154 crus
913 2090 1014 2174 igitur
1035 2091 1072 2156 in
1097 2089 1202 2158 Sicccc

243 2180 444 2264 suburben03
474 2179 565 2264 inde,
590 2177 862 2263 quemadmodum
890 2179 1019 2264 suades,
1050 2184 1135 2264 puto
1156 2200 1201 2244 me

215 2269 278 2332 cin
300 2267 463 2334 Ficulensi
484 2267 564 2333 fore.
592 2265 714 2343 Quibus
729 2266 877 2331 derebus
900 2267 942 2331 ad
964 2289 1016 2332 me
1039 2268 1202 2353 scripsisti,

243 2357 397 2442 quoniam
418 2357 488 2440 ipse
507 2355 613 2438 venio,
634 2376 743 2419 coram
756 2355 948 2420 ridebimus:
970 2360 1061 2420 tuum
1075 2356 1201 2440 quidem

243 2447 277 2509 et
297 2445 333 2508 in
355 2445 489 2530 agendis
511 2444 632 2509 nostris
654 2443 751 2507 rebus
778 2444 868 2509 etin
891 2443 1032 2509 consiliis
1054 2444 1200 2510 ineundis

242 2531 385 2617 mihique
408 2532 523 2598 dandis
545 2533 582 2596 in
603 2531 683 2615 ipsis
704 2532 834 2616 litteris,
866 2551 946 2616 ques
968 2532 1087 2618 mittis,
1111 2534 1200 2598 bene

242 2619 435 2704 volentiam,
466 2620 681 2706 diligentiam,
711 2620 917 2704 prudentiam
938 2620 1072 2686 mirifice
1095 2621 1201 2707 diligo.

215 2727 229 2769 1
312 2704 459 2794 [XXXV.
482 2705 523 2795 1.]
569 2709 620 2774 Tu
641 2711 765 2792 temen,
791 2709 820 2773 ei
843 2708 920 2792 quid
942 2730 1018 2774 cnm
1038 2707 1136 2794 Silio,
1156 2709 1200 2774 rel

243 2797 300 2863 illo
323 2797 394 2881 ipso
418 2796 479 2882 die,
501 2819 565 2881 quo
580 2797 622 2862 ed
635 2794 759 2862 Sionem
772 2801 929 2862 venturus
949 2818 1013 2882 ero,
1035 2799 1200 2864 certiorem

242 2907 295 2951 me
317 2886 415 2951 velim
436 2885 552 2969 facias,
573 2885 771 2968 etmexime,
793 2885 883 2949 cuius
896 2886 959 2951 loci
972 2886 1201 2952 detractionem

242 2974 314 3038 fieri
335 2975 429 3060 velit3
449 2973 536 3058 quod
553 2974 645 3038 enim
668 2972 781 3037 scribis
803 2972 982 3059 „ertremi“,
1003 2974 1086 3058 ride,
1115 2997 1158 3041 ne
1177 2973 1201 3038 is

243 3063 314 3148 ipse
334 3063 426 3129 locus
449 3063 505 3146 rit,
532 3062 623 3127 cuius
645 3082 743 3125 ceusu
765 3060 805 3125 de
826 3064 898 3126 tote
919 3083 968 3146 re,
994 3065 1033 3126 ut
1054 3063 1133 3148 scis,
1159 3064 1203 3128 est
1275 3091 1276 3180 g

245 3171 265 3215 e
291 3151 386 3216 nobis
414 3151 601 3236 cogitatum·
645 3147 746 3213 Hirtii
775 3150 946 3234 epistolum
976 3151 1037 3216 tibi
1069 3151 1146 3218 misi
1175 3153 1202 3216 ot
1275 3181 1276 3186 1

244 3243 408 3306 recentem
429 3243 463 3304 et
485 3237 642 3306 benevolo
663 3237 826 3323 scriptam.

316 3464 370 3534 Ep.
388 3471 432 3530 cl,
452 3471 476 3519 1.
511 3464 694 3534 inultigcbom
718 3463 796 3532 (Or).
831 3465 877 3520 An
898 3465 1021 3536 intelligo
1044 3465 1132 3535 (Πὰν
1165 3468 1203 3522 is·

246 3533 366 3604 tadicum
383 3535 477 3603 vulgo.
495 3563 529 3574 -
548 3534 706 3591 Ficulccusc'
723 3535 770 3604 (W
771 3538 809 3603 .)?
