2590 3964
224 206 483 263 srlsrocslwn
500 207 550 264 AD
567 207 733 266 11111111
749 209 797 264 111.
817 215 930 264 11-11.
992 207 1055 272 107

93 351 273 435 cupiditate
297 351 545 418 Thessalonicae
567 355 712 419 retentus
735 375 821 436 sum3
843 356 1056 437 posteaquam

92 440 204 504 omnis
235 440 321 505 actio
348 440 445 505 huius
472 441 550 506 anni
578 441 725 507 confecta
755 442 850 508 nobis
877 441 1056 525 ridebatur,

92 527 130 592 in
153 527 268 594 Asiam
295 529 343 593 ire
369 529 474 613 nolui,
505 528 591 614 quod
618 534 651 595 et
678 530 846 596 celebritas
873 530 955 596 mihi
980 529 1056 596 odio

92 619 147 681 est
170 620 218 702 et,
246 617 275 680 si
296 617 389 681 fieret
410 617 531 702 aliquid
554 640 574 683 a
595 619 689 684 novis
712 618 969 704 magistratibus,
1000 618 1056 682 ab·

92 725 166 769 esse
187 705 288 790 longe
310 704 473 771 nolebam:
496 707 605 790 itaque
626 705 662 771 in
679 705 816 791 Epirum
839 707 880 770 ad
901 711 934 772 te
957 704 1057 771 statui

92 813 148 856 me
162 793 320 877 conferre,
339 815 485 878 nonque
499 815 572 859 mea
584 794 756 860 interesset
768 794 840 834 *t*
854 795 918 860 loci
929 797 1057 879 natura,

92 881 152 964 qni
171 882 279 947 lucem
293 881 426 947 omnino
448 881 603 968 fugerem,
626 882 682 948 sed
695 886 729 948 et
741 884 785 949 od
797 884 934 948 salutem
954 882 1057 946 liben-

94 969 221 1034 tissime
245 991 285 1034 ex
307 973 364 1035 tuo
387 973 484 1054 portu
507 970 692 1054 proficiscar
714 973 763 1055 et,
791 971 819 1036 si
846 992 885 1036 ea
911 970 1058 1054 praecisa

94 1059 170 1141 erit,
200 1079 365 1142 nusquam
393 1058 521 1124 facilius
543 1058 627 1124 hanc
649 1059 862 1125 miserrimam
884 1059 985 1122 vitam
1006 1058 1058 1123 rel

94 1147 289 1212 sustentabo
316 1148 381 1231 rel,
413 1146 500 1230 quod
526 1148 630 1212 multo
659 1150 709 1212 est
736 1147 865 1230 melius,
898 1146 1059 1230 abiecero;

94 1255 146 1300 ero
168 1257 245 1300 cum
268 1235 395 1319 paucis,
426 1234 665 1306 multitudinem
693 1234 862 1301 dimittam.
902 1233 956 1299 Me
982 1237 1084 1299 tuaes

95 1323 222 1388 litterae
260 1344 440 1407 numquam
478 1323 515 1388 in
553 1326 681 1388 tantam
721 1345 812 1409 spem
847 1323 1059 1408 adduxerunt,

96 1415 256 1495 quantam
279 1412 429 1494 aliorum3
452 1431 490 1476 ac
511 1415 623 1477 tamen
635 1433 707 1478 mea
721 1433 795 1496 spes
810 1412 908 1477 etiarn
929 1412 1058 1477 tenuior

94 1521 224 1584 semper
237 1499 304 1564 fuit
316 1521 413 1584 quam
425 1503 501 1565 tuae
514 1500 651 1566 litterae.
687 1498 751 1566 Sed
763 1503 883 1585 temen,
905 1500 1059 1584 quoniam

96 1591 251 1673 coeptum
273 1591 323 1652 est
345 1588 408 1673 agi,
430 1609 559 1672 quoquo
582 1587 678 1654 modo
702 1585 852 1673 coeptum
871 1590 969 1654 estet
982 1609 1058 1671 qua·

97 1696 235 1761 cumque
259 1676 299 1740 de
323 1697 428 1760 causa,
449 1697 518 1742 non
540 1676 685 1742 deseram
707 1697 811 1760 neque
825 1676 940 1761 optimi
962 1679 1058 1759 atque

96 1765 185 1830 unici
206 1764 322 1829 fratris
344 1764 477 1828 miseras
501 1786 538 1830 ac
560 1765 724 1830 luctuosas
746 1785 857 1848 preces
878 1785 940 1829 nec
963 1762 1059 1829 Sestii

96 1856 343 1936 'ceterorumque
371 1852 532 1936 promissa
557 1873 618 1918 nec
641 1873 731 1938 spem
758 1852 1059 1918 aerumnosissimae

95 1940 244 2006 mulieris
258 1940 428 2005 Terentiae
449 1961 510 2006 neo
532 1941 729 2006 miserrimae
753 1936 919 2027 [mulieris]
939 1939 1059 2005 Tullio·

96 2031 146 2094 lae
171 2029 431 2098 obsecrationem
453 2033 486 2093 et
507 2029 618 2094 fideles
640 2030 765 2094 litteras
778 2032 864 2094 tuas:
887 2026 1059 2110 111111111Ρί-

97 2141 152 2184 rus
186 2119 247 2182 aut
276 2117 338 2181 iter
374 2117 416 2182 ad
447 2117 585 2182 salutern
618 2116 709 2182 dabit
740 2120 797 2181 aut
828 2115 915 2200 quod
946 2114 1060 2198 scripsi

96 2228 208 2292 supra.
236 2204 283 2270 Te
306 2227 363 2270 oro
387 2208 421 2269 et
443 2205 584 2289 obsecro,
606 2205 642 2269 T.
655 2204 825 2287 Pomponi,
847 2205 875 2268 si
892 2223 944 2267 me
958 2201 1087 2266 omni-⁸

98 2296 160 2360 bus
184 2293 407 2378 amplissimis,
438 2294 610 2358 carissimis
636 2291 938 2374 iucundissimisque
965 2290 1061 2355 rebus

97 2383 236 2469 perfidia
270 2381 440 2448 hominum
476 2379 662 2465 spoliatum,
699 2381 726 2446 si
752 2401 803 2445 me
831 2400 852 2444 a
877 2379 958 2444 meis
985 2399 1060 2444 con·

99 2471 232 2537 siliariis
259 2470 424 2555 proditum
446 2473 480 2534 et
502 2471 681 2554 proiectum
706 2469 809 2552 rides,
845 2468 873 2533 si
905 2467 1060 2552 intelligis

99 2583 151 2625 me
175 2562 334 2643 coactum,
356 2562 394 2622 ut
415 2559 485 2643 ipsc
507 2579 559 2623 mc
582 2561 616 2623 et
635 2579 725 2622 meos
748 2557 923 2641 perderem,
950 2559 987 2622 ut
1009 2577 1060 2620 me

100 2653 157 2714 tua
189 2645 410 2712 misericordia
439 2647 529 2712 iuves
561 2648 595 2711 et
621 2645 657 2722 Q.
683 2646 831 2730 fratrem,
866 2646 922 2730 qui
952 2647 1061 2730 potest

101 2758 171 2802 esse
199 2736 322 2818 salvus,
350 2738 524 2818 sustentes,
551 2734 736 2798 Terentiam
762 2733 944 2819 liberosque
970 2755 1061 2799 meos

101 2829 227 2908 tueare,
249 2844 315 2907 me,
337 2824 365 2888 si
386 2826 482 2906 putas
504 2826 538 2886 te
559 2822 632 2888 istic
655 2823 814 2907 visurum,
836 2824 1011 2906 exspectes,
1033 2820 1061 2884 si

102 2914 224 2997 minus,
246 2911 381 2996 inrisas,
404 2912 432 2976 si
453 2914 560 2996 potes,
581 2910 723 2995 mihique
746 2931 785 2975 ex
808 2931 887 2996 agro
910 2914 966 2973 tuo
988 2910 1060 2972 tan·

102 3007 172 3066 tum
186 3000 344 3085 assignes,
367 3003 523 3084 quantum
536 3019 609 3064 meo
623 3019 756 3083 corpore
773 2997 923 3081 occupari
945 2998 1061 3080 potest,

103 3093 135 3154 et
157 3108 276 3174 pueros
291 3087 332 3152 ad
353 3109 406 3152 me
420 3109 491 3152 curn
514 3087 630 3151 litteris
645 3107 741 3170 quam
764 3085 903 3171 primum
918 3086 951 3148 et
964 3103 1062 3167 quam

104 3176 291 3262 saepissime
313 3176 434 3240 mittas.
469 3173 555 3240 Data
577 3192 645 3240 xvr.
668 3175 740 3240 Kal.
764 3173 928 3239 Octobres.
1010 3205 1016 3212 r

172 3415 224 3484 Ep.
246 3417 292 3482 la,
312 3418 337 3467 1.
373 3411 510 3466 amasset
527 3405 584 3442 *⁸¹*
603 3408 656 3462 loct
674 3407 741 3476 (W.)
754 3405 785 3460 B.
801 3406 860 3462 sine
874 3404 934 3461 m.
953 3407 983 3475 1.,
996 3424 1063 3478 quo·

106 3484 256 3540 1111111111
280 3483 327 3538 rel
348 3480 379 3547 i,
401 3497 470 3550 quac
487 3497 508 3534 e.
528 3481 545 3533 1.
565 3475 631 3548 (W'.)
650 3480 700 3533 aut
717 3478 736 3530 ι’.
755 3477 773 3531 l.
792 3494 820 3531 a.
839 3477 900 3544 frui
918 3477 1063 3548 (Kayser).

107 3560 289 3612 1111111111
307 3553 382 3623 (W.).
402 3557 432 3608 at
448 3555 468 3608 t.
486 3549 580 3620 vulgo.
