2522 3960
215 162 475 220 EPISTOLABUM
492 162 543 220 AD
561 161 727 221 ATTICUM
743 161 779 218 V.
799 168 875 218 7-9.
959 161 1022 226 163

77 307 184 391 spicias
203 308 313 391 velim,
335 308 431 374 nobis
454 307 541 372 anim
563 307 748 374 scribuntur
769 327 864 394 saepe
886 307 1022 374 maiora:

78 397 102 460 si
120 395 171 460 ille
193 396 347 480 queritm,
369 397 397 462 si
419 395 532 461 scribit
544 395 586 462 ad
602 395 731 479 amicos,
753 397 782 461 si
802 396 888 462 idem
901 395 1023 462 Fausta

77 484 145 568 vult,
165 483 368 570 Philotimus,
384 487 427 556 ,ut
449 503 511 570 ego
533 483 564 550 ei
586 505 695 550 coram
715 483 857 552 dixeram
879 483 1022 569 mihique

77 572 122 636 ille
150 575 332 657 rscepenat,
360 593 402 638 ns
434 572 477 638 sit
507 572 611 638 invito
642 571 764 637 Milone
794 572 831 636 in
861 573 956 640 bonis
979 607 1021 622 --

78 659 150 726 nihil
169 661 264 726 nobis
287 661 396 726 lucrm
416 660 502 726 tanti
525 684 582 744 -3
614 660 665 724 sin
690 660 771 726 haec
792 660 915 728 leviora
938 665 1023 744 sunt,

77 751 107 812 tu
126 748 295 832 iudicabis,
326 750 458 833 loquere
485 770 559 814 cum
581 747 737 814 Duronio.
783 745 902 832 Scripsi
925 750 1022 814 eliam

78 835 112 900 ul
132 833 314 920 Camillum,
336 837 378 904 ad
400 838 558 921 Lamiam,
581 858 681 922 eoque
704 837 824 922 magis,
847 837 932 920 quod
955 859 1023 904 non

77 924 266 990 confidebam
301 924 425 990 Romae
464 929 498 990 ts
539 947 617 992 esse.
666 923 800 990 Summa
835 925 896 990 erit
930 925 1022 990 haec:

78 1015 197 1098 statues,
218 1018 257 1078 ut
279 1035 318 1078 ex
338 1013 412 1098 fide,
432 1013 523 1078 fama
544 1033 641 1098 reque
663 1035 736 1078 mea
757 1013 927 1080 uidebitur.

517 1241 573 1308 IX.

78 1360 128 1416 Scr.
144 1361 174 1417 in
191 1361 293 1418 itinere
310 1362 385 1418 inter
402 1361 517 1418 Actium
540 1365 578 1418 st-
586 1363 712 1419 Athanas
734 1380 830 1420 mense
848 1363 928 1420 Iunio
949 1363 1024 1420 inter

233 1432 321 1488 XVII.
340 1434 370 1488 et
386 1432 434 1488 VI.
453 1433 516 1488 Kal.
535 1432 645 1500 Qninct
665 1450 690 1488 a.
708 1452 736 1488 ιι.
755 1451 777 1489 c.
799 1440 857 1490 708.

356 1537 487 1595 CICERO
506 1538 640 1594 ATTICO
660 1537 736 1595 SAL.

133 1645 264 1712 Actium
278 1647 425 1714 venimus
440 1669 467 1713 a
482 1647 512 1713 d.
533 1665 614 1713 xvn.
630 1647 703 1712 Kal.
717 1647 902 1734 Quinctiles,
925 1671 1050 1734 quums

79 1733 195 1816 quidem
219 1739 252 1800 et
266 1733 424 1821 Corcyrae
438 1738 472 1800 et
486 1733 615 1822 Sybotis
636 1736 823 1802 muneribus
845 1736 920 1821 tuis,
943 1760 1024 1823 quae

80 1825 104 1886 et
114 1821 220 1888 Aram
233 1826 267 1888 at
280 1845 369 1888 meus
384 1823 505 1888 amicus
518 1823 716 1908 Eutychides
730 1825 785 1908 opi
808 1846 861 1889 are
880 1828 913 1888 et
931 1830 1023 1910 φιλο-

80 1909 311 1994 προςηνέστατιι
337 1913 433 1977 nohis
460 1916 706 1997 congesserant,
734 1933 773 1997 ep
809 1913 855 1977 ati
882 1933 1024 1980 essemus

81 1995 223 2064 Saliarem
254 2000 290 2066 in
321 2001 461 2065 modum.
504 1999 600 2065 Actio
632 2001 804 2065 maluimus
830 2001 893 2066 iter
918 2001 1024 2067 facere

81 2087 212 2172 pedibus,
234 2089 290 2173 qui
311 2088 605 2154 incommodissime
622 2089 874 2174 navigassemus,
896 2092 930 2154 et
943 2089 1023 2154 Leu-

83 2179 172 2241 uum
194 2176 324 2241 flectere
346 2178 518 2242 molestum
539 2176 717 2260 videbatur,
742 2177 893 2241 actuariis
916 2181 1025 2242 autem

82 2264 199 2329 minutis
221 2263 337 2330 Patras
360 2265 509 2330 accedere
531 2265 601 2330 sine
622 2265 675 2330 his
697 2264 935 2349 impedimentis
956 2287 1024 2332 non

84 2353 145 2417 satis
177 2353 284 2418 visum
315 2356 366 2419 sst
397 2353 555 2418 decorum.
599 2353 689 2438 Ego,
719 2356 758 2418 ut
788 2373 883 2438 saepe
909 2357 947 2420 tu
972 2376 1024 2420 me

84 2445 249 2506 currentem
270 2441 420 2508 hortatus
443 2462 493 2527 es,
515 2442 659 2526 quotidie
681 2441 831 2527 meditor,
861 2444 1024 2529 praecipio

84 2530 155 2614 meis,
177 2530 296 2594 faciam
311 2529 458 2615 denique,
479 2533 517 2594 ut
534 2551 660 2595 summa
672 2530 878 2598 modestiaet
900 2553 1025 2597 summa

86 2614 265 2683 abstinentia
278 2639 396 2684 munus
418 2619 480 2683 hoc
499 2618 788 2684 extraordinarium
809 2619 1024 2686 traducamus.

85 2699 207 2772 Parthus
230 2707 327 2771 velim
350 2707 495 2791 quiescat
515 2710 549 2772 st
569 2706 703 2772 fortuna
715 2729 777 2772 nos
789 2707 890 2774 iuvat:
912 2713 1025 2774 nostra

87 2795 312 2874 praestabimus.
348 2795 412 2880 Tu,
443 2815 580 2879 quaeso,
603 2795 680 2879 quid
702 2815 796 2882 agas,
817 2797 874 2861 ubi
896 2818 1050 2881 quoques

87 2881 212 2969 tenpore
234 2884 363 2949 futurus
387 2884 439 2967 sis,
462 2884 574 2968 quales
594 2904 647 2948 res
664 2887 793 2951 nostras
806 2884 929 2950 Romae
951 2885 1024 2948 reli·

89 2974 186 3058 queris,
218 2971 356 3037 maxime
384 2973 423 3038 de
445 2989 502 3036 xx.
525 2976 558 3036 et
580 2987 677 3038 neoc.
705 2993 782 3038 cura
807 2977 846 3037 ut
873 2973 1024 3038 sciamus:
1108 2992 1111 2997 ·

89 3054 112 3120 il
127 3062 196 3127 unis
220 3061 392 3147 diligenter
413 3060 529 3125 litteris
551 3060 650 3145 datis,
671 3081 753 3146 quse
776 3060 817 3124 ad
840 3081 891 3124 me
913 3060 1024 3145 ulique

141 3289 188 3360 llp.
209 3297 234 3357 9,
255 3297 279 3345 1.
310 3291 369 3344 sinc
386 3290 430 3344 tis
447 3290 512 3358 imp.
531 3289 584 3358 (la,
604 3291 633 3362 β,
652 3288 785 3359 „quidum
802 3306 829 3342 v.
848 3289 890 3343 c.¹‘
907 3287 947 3358 1.).
979 3289 1025 3344 sia

93 3354 565 3429 ets.M1.sioeiai.M2,1.‚B.
603 3365 628 3414 2.
647 3359 753 3415 deHS.
770 3357 841 3414 XX.
860 3357 956 3428 (Gora,
974 3359 1025 3430 l.)‘e

94 3423 334 3572 goggXOE{.I')3e
354 3430 472 3486 CCXX.
490 3430 555 3499 RI.,
574 3431 599 3500 β.
632 3430 665 3484 de
684 3429 754 3484 XX.
772 3430 810 3498 b.,
829 3427 860 3484 B.
887 3457 923 3470 -
949 3430 1026 3485 etde

811 3588 865 3643 11*
