2482 3958
198 255 456 314 nrrsrounauu
475 257 524 312 nn
542 257 706 314 nrmoun
724 257 771 313 1x.
790 263 816 315 ν.
836 243 861 314 τ’.
943 257 1007 322 307

67 421 180 486 pugnae
211 424 308 487 quam
338 402 427 467 urbis
456 405 582 487 captae,
614 403 700 487 quod
730 403 792 468 hoe
822 404 943 470 malum
970 425 1009 468 ex

67 490 114 554 illo
127 525 166 536 -
179 491 286 575 itaque
306 491 387 555 alter
409 491 579 577 religiosus
598 491 696 556 etiam
719 513 805 556 nuno
828 492 905 577 dies
927 493 1009 556 alter

67 577 96 641 in
115 579 224 664 vulgus
246 579 379 664 ignotus
398 615 451 664 -,
474 579 520 645 sio
537 600 598 666 ego
622 579 730 644 deoem
754 601 914 646 annorum
936 601 1008 665 pso·
1071 634 1073 638 .

67 669 135 730 oste*
148 667 332 752 recordans,
362 668 398 733 in
425 668 541 752 quibus
570 669 677 733 inerat
697 668 751 732 ille
775 669 872 734 etiam
895 690 1009 752 annus,

67 754 112 837 qui
139 777 198 820 nos
229 756 292 821 hoo
322 777 386 822 αοα
418 756 623 842 defendente,
660 777 701 821 ne
734 756 839 821 dicam
870 757 1010 842 grauius,

67 841 219 928 afflixerat,
235 845 477 929 praesentisque
492 845 648 930 temporis
666 865 864 930 cognoscens
883 846 1009 910 temeri-

67 934 161 1017 tatem,
183 933 356 1018 ignaviam,
376 933 609 1020 negligentiam
624 933 859 1000 suscensebam.
891 931 1036 998 Sedeas

66 1019 120 1083 ian
132 1021 209 1086 mihi
223 1021 420 1087 exciderunt:
442 1021 599 1088 beneficia
613 1022 754 1088 eiusdem
769 1023 886 1108 cogito,
901 1023 1009 1108 eogito

68 1107 151 1192 etiam
173 1110 379 1197 dignitatem3
410 1109 571 1198 intelligo,
601 1111 702 1176 serius
725 1111 885 1196 equidem,
913 1133 1010 1196 quam

67 1197 180 1283 vellem,
210 1201 343 1283 propter
374 1199 526 1283 epistolas
556 1220 782 1285 sermonesque
813 1197 922 1284 Balbi,
954 1198 1010 1263 sed

67 1284 148 1352 uideo
169 1287 265 1374 plane
287 1287 370 1352 nihil
393 1287 481 1353 eliud
503 1287 570 1374 egi,
601 1287 683 1354 nihil
713 1291 821 1354 aetum
843 1287 884 1352 ab
907 1287 1012 1371 initio,

68 1375 123 1441 aaa
142 1379 177 1441 ut
198 1376 287 1443 hune
309 1376 475 1442 occideret.
519 1377 541 1456 's
563 1373 614 1443 Eo
636 1377 752 1462 igitur,
775 1376 803 1441 si
825 1375 901 1460 quid
924 1375 1011 1460 apud

67 1461 244 1549 Homerum,
268 1464 320 1530 oui
342 1467 375 1530 et
396 1467 500 1530 mater
522 1469 555 1530 et
577 1465 637 1530 dea
659 1464 799 1549 dixisset,

105 1582 215 1654 αὐτίκα
228 1585 357 1674 γάρτοι
371 1590 481 1655 ἔπειτα
493 1581 570 1674 μεθ’
578 1584 721 1672 Ἔατορα
733 1583 858 1672 πότμος
871 1585 1011 1673 ἕτοιμος,

69 1713 151 1777 matri
171 1714 240 1798 ipse
264 1715 430 1799 respondit

105 1829 217 1900 αὐτίκα
238 1841 409 1922 τεθναίην,
432 1835 501 1903 ἐπεὶ
525 1831 586 1904 οὐκ
608 1832 662 1923 ἄρ’
688 1840 826 1924 ἔμελλον
849 1835 967 1926 ἑταίρῳ

104 1924 297 2014 κτεινομένῳ
321 1925 499 2011 ἐπαμῦναι·

69 2047 142 2133 quid,
163 2049 191 2114 si
203 2071 272 2115 non
286 2047 403 2139 ἑταίρῳ
418 2051 531 2136 solum,
554 2049 721 2117 sedetiam
739 2043 901 2136 εὐεργέτῃ,
923 2049 1014 2132 adde,

69 2136 117 2200 tuli
134 2137 202 2203 uiro
216 2138 316 2203 telem
329 2159 459 2205 oausam
473 2139 607 2226 egenti?
630 2159 690 2224 ego
704 2159 780 2204 uero
802 2139 883 2203 heeo
906 2137 1014 2202 officia

69 2227 321 2292 merosndeuite
347 2231 436 2313 puto.
482 2227 699 2313 Optimstibus
726 2247 803 2292 vero
833 2225 899 2291 tuis
930 2225 1013 2290 nihil

70 2315 191 2400 confido,
213 2315 296 2380 nihil
317 2316 383 2381 iam
405 2337 446 2381 ne
468 2316 608 2382 inservio
630 2314 772 2400 quidem:
793 2314 896 2399 uideo,
918 2316 956 2378 nt
979 2334 1014 2378 se

69 2399 132 2467 huie
153 2404 243 2488 dent,
273 2407 312 2469 ut
338 2405 443 2470 daturi
471 2404 550 2488 sint3
583 2403 757 2489 quidquam
779 2404 816 2468 tu
838 2402 896 2467 ille
917 2405 1015 2486 putes

69 2488 155 2556 fuisse
177 2492 216 2557 de
239 2492 423 2559 valetudine
443 2493 571 2558 decreta
592 2492 840 2576 municipiorum
862 2512 940 2576 prae
961 2490 1015 2556 his

70 2576 101 2640 de
120 2580 253 2646 victoria
275 2581 570 2666 gratulationibus?
590 2578 767 2665 ‚,'Piment‚“
787 2579 924 2664 inquies.
967 2577 1015 2643 At

70 2663 122 2748 ipsi
145 2672 214 2734 tum
242 2690 276 2733 se
302 2670 448 2736 timuisse
475 2669 595 2735 dieunt.
641 2667 703 2734 Sed
726 2667 905 2753 videamus,
937 2667 1014 2751 quid

70 2757 164 2821 uotum
191 2758 234 2822 sit
259 2756 437 2824 Brundisii:
469 2779 508 2822 ex
535 2779 572 2823 eo
600 2757 739 2823 fortasse
770 2757 792 2838 †
815 2773 854 2820 ee·
880 2755 1017 2822 oonsilio

71 2849 231 2910 nascentur
254 2845 397 2930 eliaeque
419 2847 555 2912 litterae.

130 3071 179 3143 up.
197 3078 223 3142 e,
241 3080 266 3128 o.
285 3074 368 3128 saara
385 3074 443 3128 αα
462 3052 516 3158 (w.
535 3073 567 3158 pe
584 3072 695 3157 mon).
729 3070 789 3127 em.
808 3071 865 3126 am
882 3069 967 3124 nm.
993 3069 1013 3125 ε.
1042 3032 1045 3036 ’

71 3139 1016 3283 tenuituridnt1>t.?l?4tt‘¹dl·ldtl<llll

71 3279 162 3352 Νέᾳ.
179 3302 204 3340 α.
224 3282 280 3352 On,
298 3285 330 3340 Β.
348 3313 383 3326 -
401 3285 465 3353 fort.
484 3285 544 3341 alia
561 3285 677 3341 coasilio
694 3283 752 3354 (l.)?
