2484 3974
238 216 303 282 382
520 219 557 274 Μ.
576 218 699 274 TULLII
717 217 908 275 CICERONIS

237 362 406 427 incolumis
429 383 499 426 esse
519 363 717 447 salutemque
731 385 837 428 meem
859 363 1182 430 benevolentissime

236 453 401 536 aesopiam
422 450 550 516 referre.

697 644 739 710 II.

306 765 363 822 Ser.
383 766 412 820 in
430 765 515 836 Epiro
534 765 605 836 prid.
625 766 721 821 Nonus
738 765 904 822 Februarias
928 783 953 821 a.
972 785 1000 822 ιι.
1019 784 1042 823 e.
1062 775 1117 824 ⁷06.

519 869 647 927 CICERO
673 869 804 930 ATTICO
833 871 909 926 SAL.

209 1002 221 1042 ι
302 980 442 1047 uiueres
464 985 537 1046 tuas
565 981 673 1064 scoepi
699 1003 747 1064 pr.
768 978 853 1046 Non.
875 977 969 1046 Febr.
992 1001 1094 1066 eoque
1118 982 1180 1066 ipso

236 1070 287 1137 die
310 1091 350 1138 ex
371 1071 565 1134 testamento
585 1069 670 1134 crevi
691 1067 914 1134 heredilalem:
937 1091 976 1134 ex
990 1071 1099 1136 mullis
1111 1071 1180 1134 meis

236 1163 269 1225 et
295 1157 481 1224 miserrimis
508 1158 592 1225 euris
615 1161 665 1222 est
690 1178 757 1222 une
784 1157 905 1242 levate,
935 1159 977 1242 si,
1009 1162 1046 1223 ut
1072 1159 1181 1241 scribis}

235 1248 299 1312 ista
325 1246 487 1312 hereditas
513 1245 609 1310 fidem
638 1248 671 1309 el
697 1244 817 1309 famem
844 1266 949 1310 meam
970 1247 1057 1311 lueri
1077 1250 1181 1332 polest,

237 1357 333 1420 quem
356 1335 486 1419 quidem
506 1334 653 1418 intelligo
671 1336 702 1398 le
717 1334 814 1399 eliam
837 1333 907 1398 sine
929 1332 1106 1400 hereditate
1125 1333 1181 1398 luis

209 1423 352 1508 sepibus
384 1422 590 1488 defensurum
621 1421 729 1486 fuisse.
773 1421 823 1486 De
854 1420 930 1486 dole
956 1422 1044 1506 quod
1071 1423 1180 1504 scribis,

235 1533 294 1596 per
316 1533 427 1577 omnes
450 1511 527 1576 deos
548 1513 581 1574 ie
596 1509 748 1594 obtestor,
770 1512 923 1576 uttolem
936 1531 1005 1574 rem
1028 1511 1179 1596 suscipias,

236 1599 380 1666 elillam
407 1600 557 1664 miserum
583 1620 656 1664 mee
678 1599 771 1683 eulpa
798 1602 831 1664 el
855 1599 1057 1684 negligentia
1081 1603 1179 1664 tueare

237 1687 317 1752 meis
340 1688 470 1772 opibus,
502 1688 530 1752 si
552 1710 633 1772 quse
657 1691 746 1770 sunl,
774 1687 852 1770 luis,
875 1688 990 1771 quibus
1014 1688 1075 1753 tibi
1096 1689 1178 1752 mole

237 1779 323 1840 stum
357 1797 425 1842 non
462 1776 535 1861 erit,
570 1775 795 1858 faculiaiibus3
832 1775 884 1840 eui
919 1776 1048 1870 quidem
1084 1777 1178 1842 deesse

238 1864 355 1949 omnia,
378 1865 464 1948 quod
486 1827 608 1948 soiibis‚
629 1863 762 1929 obseero
784 1825 831 1946 ie,
852 1863 920 1927 noli
942 1857 1025 1948 pilu
1053 1865 1091 1929 in
1111 1885 1176 1950 quos

237 1953 324 2018 enim
346 1957 494 2038 sumptus
517 1915 638 2018 sbeuirt
657 1953 780 2017 fruetus
802 1951 1061 2036 praediorum?
1049 1975 1115 2018 rem
1134 1953 1177 2017 ills

236 2040 301 2108 Hs.
321 2059 385 2126 Lx„
408 2063 489 2126 quae
513 2040 634 2124 scribis,
656 2062 752 2106 nemo
774 2039 855 2105 mihi
877 2061 1030 2124 umquem
1053 2041 1175 2106 dixitur

237 2131 311 2195 dole
340 2152 409 2196 esse
437 2129 594 2213 detrecto,
625 2149 800 2212 numquam
828 2128 915 2193 enim
941 2149 1044 2194 essem
1071 2151 1175 2215 possus.

238 2217 300 2286 Sed
321 2219 402 2285 haee
431 2218 565 2283 minime
592 2221 642 2282 esl
668 2239 707 2282 ex
732 2218 773 2281 iis
798 2217 938 2301 iniuriis,
969 2238 1050 2301 quas
1078 2218 1174 2302 sooepi

237 2307 276 2371 de
291 2309 406 2391 quibus
421 2308 462 2371 sd
475 2310 509 2370 le
523 2306 632 2371 dolore
646 2309 680 2371 el
699 2305 838 2370 lacrimis
852 2303 989 2368 seribere
1012 2307 1174 2390 prohibeor

209 2393 287 2458 eEx
310 2416 348 2459 ea
369 2396 516 2479 pecunia,
538 2413 620 2478 quse
641 2394 757 2458 fuum
770 2392 858 2476 Asia,
879 2396 1004 2476 perlem
1028 2394 1172 2460 dimidium

236 2484 304 2546 fere
327 2483 432 2568 exegi.
454 2445 556 2547 iulius
579 2482 709 2547 videbat
694 2485 749 2546 tur
767 2481 836 2546 fore
858 2481 913 2564 ibi,
935 2480 992 2545 ubi
1014 2485 1075 2568 esi,
1096 2503 1172 2567 quau

237 2569 323 2670 apud
345 2569 544 2654 publicanos.
589 2570 682 2646 Quod
704 2592 755 2635 me
778 2569 927 2653 hortaris,
956 2573 994 2634 ui
1015 2570 1151 2636 firmo
1129 2590 1172 2636 sm

237 2658 355 2740 animo,
377 2658 492 2722 vellem
514 2679 626 2742 posses
640 2658 761 2742 aliquid
783 2657 906 2740 afferre,
929 2659 1135 2742 quemobrem
1151 2655 1172 2721 id

236 2747 342 2812 faeere
365 2766 507 2830 possem3
538 2747 609 2829 sed,
632 2748 658 2810 si
682 2746 724 2810 ad
746 2749 869 2811 ceteros
891 2747 1036 2811 miserias
1059 2745 1172 2814 sesessit

237 2836 335 2902 elium
356 2832 399 2919 id,
428 2834 513 2918 quod
536 2834 616 2899 mihi
639 2833 837 2919 Chrysippus
860 2834 941 2898 dixit
961 2836 1071 2918 peruri
1092 2838 1171 2896 -lu

236 2923 319 2990 nihil
342 2919 532 3009 significasti
544 2953 598 3006 -,
620 2922 659 2987 de
682 2923 787 3007 domo,
810 2922 881 3007 quis
895 2943 946 2986 me
959 2923 1106 2990 miserior
1125 2941 1171 2988 uuo

236 3015 301 3078 iem
323 3010 408 3078 fuit?
429 3033 498 3094 oro,
521 3011 663 3094 obsecro,
684 3011 828 3097 ignosce:
856 3030 923 3076 non
944 3031 1078 3094 possum
1099 3013 1170 3098 pluro

237 3100 388 3185 seriber03
424 3103 547 3185 quanto
578 3119 724 3164 maerore
754 3119 883 3185 urgear,
917 3099 1064 3184 proiecto
1095 3101 1170 3166 vides.

237 3187 330 3264 Quod
344 3189 372 3255 si
385 3188 465 3253 mihi
478 3208 648 3254 commune
662 3208 734 3253 oum
754 3187 869 3252 celeris
891 3191 984 3272 esset,
1006 3188 1062 3272 qui
1084 3188 1168 3254 videu-

307 3343 358 3412 E
378 3349 408 3411 2
436 3350 459 3398 1
491 3343 855 3412 mtdtwmeeselmffl)
886 3360 1026 3399 mmmm
1055 3344 1103 3414 (0.,
1127 3344 1169 3410 Bll

236 3413 457 3468 mollissimum
476 3411 569 3483 MRI„
589 3411 707 3468 sedili.
734 3431 768 3468 m.
787 3419 873 3482 elm.
892 3415 1000 3488 βΙι.-
969 3386 1169 3486 -iotellipou

238 3480 301 3548 (u).
320 3483 383 3537 tei.
402 3477 481 3536 tell.
505 3485 566 3538 tei.
585 3483 647 3538 etl.
670 3487 691 3538 t.
710 3485 729 3538 i.
749 3484 822 3554 (B.)?
857 3455 881 3540 ὁ.
910 3483 1168 3556 paramonarios

238 3549 376 3619 (W.)?-
393 3549 632 3620 isloHSm-(e
599 3553 781 3622 -.?exC?)
