2570 3974
273 255 532 313 EPISTOLARUM
549 255 599 312 AD
617 255 771 313 BRUTUM
788 258 809 314 Ι.
831 266 871 314 16.
983 257 1048 324 63Ἰ

87 402 241 466 tenebras
254 401 427 466 recidisse?
449 401 490 466 ab
505 421 553 485 eo,
575 402 630 486 qui
647 403 780 486 tyranni
793 423 913 468 nomen
928 405 1050 470 ascivit

89 491 162 573 sibi,
185 511 283 574 quum
305 491 340 555 in
361 488 490 555 Graecis
513 489 697 556 civitatibus
719 491 814 555 liberi
835 495 1050 577 tyrannorum

87 578 675 752 ratzitlbstlbpbatt
693 579 1052 735 “llllballbr

89 756 167 820 sint.
215 753 309 820 Hanc
337 775 398 840 ego
421 755 584 820 civitatem
606 755 714 820 videre
736 757 833 822 velim
857 760 914 822 aut
939 761 1049 840 putem

92 845 205 926 ullam,
237 865 319 928 quae
342 865 383 908 nc
405 844 559 908 traditam
581 844 710 928 quidem
737 848 834 928 atque
856 846 1051 911 inculcatam

90 931 274 996 libertatem
297 932 438 1016 recipere
461 934 564 1017 possit
590 934 725 1017 plusque
752 934 867 998 timeat
894 933 938 998 in‘
951 938 1051 1018 puero

90 1042 212 1086 nomen
235 1021 354 1086 sublati
367 1022 463 1106 regis,
485 1042 582 1105 quam
598 1022 741 1086 confidat
754 1022 824 1106 sibi,
847 1044 946 1106 quum
959 1023 1052 1087 illum

90 1109 209 1194 ipsum,
231 1110 287 1193 qni
309 1110 464 1174 maximas
488 1131 565 1194 opes
592 1109 756 1194 habuerit,
787 1131 963 1195 paucorum
989 1111 1051 1176 vir·

90 1201 163 1262 tute
178 1198 341 1262 sublatum
355 1197 485 1263 videat?
516 1197 570 1263 Me
589 1220 664 1264 vero
687 1199 822 1283 posthac
836 1220 877 1264 ne
891 1218 1052 1264 commen·

91 1286 219 1351 deveris
250 1284 380 1351 Caesari
407 1289 478 1371 tuo,
509 1308 551 1351 ne
577 1290 610 1351 tc
639 1287 767 1372 quidem
793 1288 914 1372 ipsum,
946 1288 974 1352 si
1000 1309 1052 1352 me

92 1375 219 1440 audies:
251 1375 343 1440 valde
376 1397 449 1440 care
476 1376 627 1440 aestimas
654 1379 705 1442 tot
732 1397 849 1461 annos,
882 1379 961 1460 quot
989 1376 1053 1441 ista

92 1467 184 1528 aetas
206 1463 329 1547 recipit,
352 1465 380 1527 si
402 1467 535 1548 propter
548 1485 618 1528 eam
632 1485 763 1528 oausam
785 1485 886 1548 puero
901 1465 956 1530 isti
979 1485 1053 1548 sup·

92 1553 271 1637 plioaturus
295 1573 342 1634 es,
374 1551 502 1635 deinde,
533 1552 619 1636 quod
648 1553 859 1636 pulcherrime
886 1553 993 1618 fecisti
1016 1569 1078 1617 aar

92 1641 175 1705 facis
210 1640 245 1704 in
281 1638 441 1724 Antonio,
477 1641 549 1705 vide
583 1661 626 1705 ne
662 1645 869 1706 convertatur
904 1663 924 1706 a
958 1641 1054 1707 laude

93 1729 230 1793 maximi
259 1728 358 1792 animi
391 1730 431 1793 arl
459 1729 646 1814 opinionem
677 1729 872 1814 formidinis,
904 1751 995 1813 nam,
1026 1728 1054 1794 si

94 1817 247 1882 Octavius
269 1817 330 1882 tibi
352 1819 467 1902 placet,
490 1839 510 1882 a
532 1839 597 1901 quo
620 1817 659 1882 da
681 1822 795 1883 nostra
817 1819 921 1884 salute
944 1822 1054 1902 peten-

95 1907 170 1971 dum
187 1906 238 1990 sit,
260 1927 327 1971 non
341 1906 508 1971 dominum
525 1907 659 1992 fugisse,
681 1907 737 1970 sed
756 1907 940 1971 amiciorem
954 1905 1054 1970 domi·

94 2017 175 2060 num
197 1995 359 2078 quaesisse
381 1994 549 2059 videberis.
577 1992 679 2069 Quem
698 1993 784 2077 quod
806 1994 919 2058 laudas
942 1994 984 2058 ob
1007 2015 1055 2077 ea,

94 2105 178 2168 quae
201 2083 305 2148 adhuc
318 2082 405 2166 fecit,
427 2083 523 2167 plane
546 2082 658 2166 probo,
680 2084 759 2146 sunt
776 2083 863 2146 enim
885 2080 1055 2165 laudanda,

95 2173 125 2238 si
150 2171 246 2237 modo
274 2175 388 2238 contra
419 2172 557 2236 alienam
588 2169 779 2255 potentiam,
806 2191 875 2235 non
905 2190 964 2253 pro
997 2191 1056 2233 sua

46 2256 50 2265 “
95 2261 237 2344 suscepit
259 2260 489 2342 cassationem
512 2280 610 2344 quum
623 2280 700 2324 vero
712 2259 835 2324 iudicas
856 2261 985 2323 tantum
1007 2257 1056 2322 illi

96 2371 164 2414 non
186 2348 283 2413 modo
306 2349 414 2433 ficere,
446 2348 502 2414 sed
530 2347 628 2412 ctiam
651 2370 671 2411 a
692 2351 725 2412 te
754 2348 826 2430 ipso
849 2345 1055 2411 tribuendum

96 2459 180 2521 esse,
211 2441 249 2502 ut
274 2437 439 2522 rogandus
472 2438 526 2519 sit,
559 2456 600 2501 ne
632 2435 717 2501 nolit
747 2455 816 2500 esse
847 2457 908 2500 nos
941 2435 1056 2518 salvos,
1141 2437 1145 2444 '

95 2526 232 2591 nimium
253 2547 405 2610 magnam
418 2525 597 2589 mercedem
611 2525 727 2589 statuis
741 2559 784 2570 -
798 2524 831 2588 id
845 2524 931 2588 enim
949 2523 1056 2607 ipsum

95 2615 146 2680 illi
171 2614 314 2700 largiris,
347 2613 433 2698 quod
459 2635 517 2698 pcr
543 2614 635 2678 illum
662 2613 781 2678 habere
809 2611 978 2677 videbatur
1004 2633 1056 2677 res

96 2703 227 2788 publica
256 2737 308 2786 -,
339 2723 443 2786 neque
474 2702 537 2767 hoc
568 2701 629 2765 tibi
660 2701 695 2765 in
726 2704 868 2766 mentem
894 2701 996 2784 venit,
1029 2700 1058 2765 si

97 2791 268 2857 Octavius.
291 2790 366 2855 ullis
408 2790 526 2875 dignus
562 2789 605 2854 sit
640 2789 832 2874 honoribus,
872 2791 948 2873 quia
984 2809 1056 2853 oum

97 2879 242 2946 Antonio
274 2878 396 2944 bellum
428 2883 533 2963 gerat,
568 2878 622 2961 iis,
658 2878 715 2961 qui
740 2878 826 2943 illud·
852 2878 972 2942 malum
1005 2897 1056 2941 ex·

97 2969 247 3052 ciderint,
279 2968 369 3032 ouius
395 2967 477 3031 istae
500 2965 653 3050 reliquiae
676 2970 767 3051 sunt,
794 2965 889 3048 nihil,
918 2987 981 3049 quo
1004 2986 1056 3030 ex-

97 3057 179 3142 pleri
210 3056 315 3141 possit
343 3077 454 3121 eorum
480 3055 645 3138 meritum,
679 3055 877 3119 tributurum
903 3075 1054 3156 umquam

96 3145 253 3316 latit}
274 3143 1083 3317 ,irretiaristlssblellltssllrl0

169 3459 220 3529 Ep.
242 3467 283 3529 16,
302 3467 326 3516 6.
345 3458 491 3515 recidisse?
510 3461 545 3516 ob
560 3503 566 3516 .
582 3503 588 3516 .
604 3502 611 3516 .
629 3460 694 3515 rint.
713 3453 798 3514 Hauc
815 3457 902 3528 (nm
927 3500 942 3526 .,
961 3457 1006 3514 Or.
1020 3458 1054 3516 II.

98 3531 310 3671 {baffiotlisiaoed
323 3531 353 3586 hi
366 3533 434 3587 duo=
453 3529 529 3586 dat?
548 3531 605 3602 la).
624 3547 657 3599 r,
674 3531 748 3586 aiot
763 3573 770 3586 .
786 3573 792 3586 .
806 3529 883 3586 ant?
933 3571 940 3586 .
958 3528 1053 3599 (stoa
