2590 3964
234 170 298 234 106
518 169 555 224 II.
575 168 698 224 TULLII
716 166 907 224 CICERONIS

204 316 331 380 aetiam
353 335 440 378 nunc
463 315 583 378 circum
604 313 686 378 haec
706 314 779 378 loca
801 313 1033 379 commorabor.
1070 311 1217 380 Scribit

231 402 273 468 ad
300 424 351 467 me
382 403 483 466 fratn
514 401 623 466 omnia
654 423 713 466 sua
742 423 799 486 per
830 405 863 464 te
894 423 996 466 unum
1023 404 1215 468 sustineri.

232 490 309 576 quid
331 494 363 555 te
386 495 444 556 aut
464 491 588 573 horter,
620 488 705 573 quod
732 490 826 574 facis,
858 492 915 554 aut
937 510 1033 575 agam
1052 493 1214 578 gracias,

231 578 318 664 quod
349 601 417 644 non
449 583 578 663 exspect
564 577 637 643 tas?
672 581 800 642 tantum
836 578 932 642 velim
968 578 1102 643 fortuna
1145 579 1215 644 det

230 668 326 733 nobis
348 671 556 750 potestatem,
587 671 625 732 ut
650 666 827 738 incolumes
851 688 959 731 amore
982 671 1096 732 nostro
1121 691 1213 752 per·

231 755 384 820 fruamur.
420 755 506 820 Tuas
525 756 650 820 litteras
664 775 789 838 semper
811 755 948 819 maxime
972 758 1136 840 exspecto,
1166 757 1211 822 in

231 844 348 927 quibus
379 865 455 908 cave
487 864 628 926 vereare,
660 863 701 906 ne
733 845 790 917 aut
821 842 989 925 diligentia
1020 845 1077 907 tua
1110 845 1209 908 mihi

231 933 367 997 molesta
384 935 441 997 aut
460 931 543 997 verit
544 953 578 994 as
528 929 713 995 tacerba
731 930 781 996 sit
807 929 895 994 Data
912 951 959 1015 pr.
973 929 1085 996 Nonas
1103 930 1208 1017 Sept.

651 1086 773 1154 XVIII.

267 1211 324 1266 θοι.
343 1211 557 1266 Thessalonicae
575 1210 668 1264 medlo
686 1226 782 1265 mense
797 1208 955 1278 Septembri
972 1226 997 1264 e.
1012 1228 1038 1265 u.
1053 1227 1075 1264 c.
1090 1217 1158 1267 696.

522 1314 651 1370 CICERO
670 1314 804 1370 ATTICO
825 1313 899 1370 SAL.

205 1442 219 1484 ι
299 1423 582 1509 Exspectationem
618 1424 712 1488 nobis
747 1446 816 1489 non
855 1445 989 1508 parvam
1025 1425 1201 1510 attuleras,

233 1535 332 1597 quum
360 1513 532 1596 scripseras
554 1510 736 1577 Varronem
767 1512 827 1577 tibi
858 1534 917 1596 pro
946 1512 1086 1576 amicItia
1114 1535 1201 1578 con·

232 1602 377 1666 firmasse
392 1622 522 1665 causam
543 1604 690 1665 nostram
703 1600 892 1684 Pompeium
916 1604 1001 1664 certe
1024 1606 1199 1686 susceptu·

232 1711 305 1754 rum
327 1694 368 1772 et,
391 1688 486 1754 simul
501 1711 520 1752 a
534 1686 670 1753 Caesare
684 1689 714 1753 ei
726 1689 869 1772 litterae,
886 1711 965 1772 quas
980 1693 1199 1774 exspectaret,

232 1777 384 1842 remissae
408 1781 524 1860 essent,
548 1780 689 1841 actorem
712 1777 810 1842 etiam
833 1777 996 1841 daturum:
1023 1781 1134 1842 utrum
1156 1779 1198 1843 id

232 1865 314 1929 nihil
337 1866 465 1929 suiten
488 1865 674 1929 adversatae
697 1869 774 1931 sunt
796 1863 1113 1930 Caesarislitterae?
1147 1889 1195 1930 an

233 1957 283 2018 est
305 1952 426 2037 aliquid
449 1954 484 2016 in
506 1953 586 2037 spe?
622 1954 719 2017 etiam
748 1953 828 2017 illud
856 1954 1028 2036 scripseras
1052 1953 1197 2019 eundem

206 2043 428 2128 a„secundum
442 2039 590 2106 comitia“
603 2041 729 2106 dixisse.
760 2040 826 2106 Fac
842 2078 880 2088 —
897 2042 924 2105 si
938 2041 1036 2126 vides,
1059 2043 1195 2125 quantis

232 2131 268 2195 in
290 2131 384 2196 malis
407 2131 538 2216 iaceam,
563 2133 597 2194 et
619 2130 647 2194 si
669 2131 764 2214 putas
787 2150 856 2194 esse
878 2128 1090 2196 humanitatis
1112 2135 1195 2196 tuae

235 2255 289 2303 -,
312 2221 365 2284 fac
391 2239 442 2283 me
471 2217 510 2283 de
536 2221 607 2284 tota
626 2221 732 2282 'causa
760 2221 872 2282 nostra
894 2219 1075 2282 certiorem:
1112 2240 1195 2284 nam

233 2305 270 2380 Q.
297 2307 411 2390 frater,
442 2307 540 2372 homo
572 2308 685 2391 mirus,
717 2307 772 2390 qui
798 2327 850 2370 me
876 2309 944 2369 tam
971 2306 1064 2370 valde
1093 2313 1195 2392 amat,

233 2395 343 2458 omnia
356 2395 458 2458 mittit
471 2416 539 2477 sper
531 2395 657 2478 plena,
671 2416 721 2458 me
723 2399 826 2478 t,uens
849 2394 953 2478 credo,
977 2394 1193 2459 defectionem

234 2481 334 2544 animi
356 2482 433 2564 mei3
459 2484 535 2545 tuae
559 2485 667 2546 autem
689 2483 815 2546 litterae
839 2485 915 2546 sunt
937 2482 1058 2566 variae,
1084 2504 1192 2568 neque

234 2567 319 2632 enim
349 2590 401 2633 me
430 2569 599 2653 desperare
625 2570 674 2633 vis
705 2591 765 2633 nec
791 2575 910 2634 temere
938 2591 1075 2653 sperare
1115 2570 1192 2655 Fac,

234 2657 366 2721 obsecro
389 2659 436 2742 te,
467 2659 506 2722 ut
528 2657 650 2743 omnia,
683 2679 764 2740 quae
786 2657 925 2742 perspici
948 2680 967 2721 a
988 2659 1021 2722 te
1043 2664 1192 2744 possunt,

233 2745 381 2810 sciamus.

668 2867 756 2933 XIX.

269 2988 327 3046 Scr.
346 2987 561 3044 Thessalonicae
579 2986 652 3043 XVI.
667 2989 809 3044 Kalendas
828 2987 961 3043 Octobres
976 3005 998 3042 a.
1015 3006 1042 3044 u.
1058 3006 1080 3043 c.
1095 2995 1156 3046 696.

523 3093 653 3149 CICERO
671 3093 805 3150 ATTICO
824 3093 899 3148 SAL.

209 3219 222 3261 ι
303 3202 416 3280 Quoad
439 3202 595 3268 eiusmodi
617 3203 698 3267 mihi
719 3204 880 3268 litteraea
900 3201 991 3267 vobis
1015 3203 1176 3268 affereban

214 3295 301 3376 tur,
332 3296 370 3358 ut
396 3291 517 3376 aliquid
544 3313 583 3357 cx
604 3291 644 3355 iis
672 3295 757 3356 essct
784 3291 1047 3376 exspectandum,
1079 3295 1191 3376 spect

306 3429 357 3499 Ep.
379 3437 419 3500 17,
438 3435 462 3486 8
481 3445 589 3485 vereare
608 3430 662 3497 (W.
682 3429 760 3483 etB.
779 3429 868 3498 conj..)
888 3430 974 3484 vereri
993 3429 1040 3498 (Z,
1059 3429 1111 3497 Β..)
1131 3429 1191 3485 Om.

234 3499 371 3568 affirm
390 3517 430 3554 ac.
466 3500 518 3570 Ep
535 3506 576 3568 18,
596 3506 621 3555 2.
639 3500 686 3568 fac
703 3500 803 3568 ΜΒ.
819 3500 909 3570 conj.).
933 3500 1191 3570 mefocvulgo,B
