2594 3976
252 283 317 349 538
535 282 573 339 Μ.
592 279 716 338 TULLII
734 279 924 338 CICERONIS

225 462 228 468 ·
252 465 304 494 -.
331 426 439 514 Atque
453 430 579 494 utinam
600 429 697 493 lieeat
717 427 773 492 isti
793 428 991 494 concionari!
1015 429 1066 494 oui
1088 429 1202 494 siesse

252 517 288 583 in
309 517 389 582 urbe
402 521 475 584 tuto
497 517 615 602 licebit,
637 516 917 600 vioimus,·duoem
934 517 1019 582 enim
1034 518 1109 584 novi
1128 519 1203 582 belli

253 606 354 671 civilia
378 610 436 672 aut
449 628 544 672 nemo
559 609 711 690 sequetur
724 607 781 670 aut
793 604 817 668 ii
831 609 1015 690 sequentur,
1037 606 1093 691 qui
1112 606 1203 671 faoile

225 696 432 760 evincantur.
477 693 582 760 Venio
610 694 652 759 ad
678 694 816 758 tertiam.
860 692 977 758 Gratas
998 694 1099 759 fuisse
1119 715 1205 760 meae

253 784 377 848 litteras
391 782 494 850 Bruto
518 786 551 847 et
564 780 675 848 Oassio
699 783 837 868 gaudeo:
859 782 970 867 itaque
989 783 1030 847 iis
1053 783 1205 868 rescripsi.

254 870 346 948 Quod
372 871 516 937 Hirtium
547 893 605 956 per
633 891 684 936 me
711 871 876 947 meliorem
907 871 978 934 fieri
1004 872 1131 957 volunt,
1165 871 1206 936 do

253 961 400 1045 equidem
423 981 554 1045 operam
576 959 685 1024 atille
713 960 833 1044 optime
862 959 1019 1044 loquitur,
1049 961 1105 1025 sed
1131 960 1208 1025 vivit

252 1049 441 1134 habitatque
464 1070 537 1113 eum
550 1047 664 1132 Balbo,
687 1049 742 1132 qui
754 1049 833 1113 item
850 1048 932 1112 bene
955 1048 1111 1134 loquitur:
1135 1048 1208 1132 quid

253 1137 374 1223 eredas,
395 1138 521 1204 videris.
548 1137 752 1202 Dolabellam
765 1136 858 1201 valde
880 1137 1007 1221 plaeere
1029 1137 1091 1202 tibi
1105 1136 1208 1220 ride03

254 1225 334 1292 mihi
349 1225 476 1310 quidem
491 1226 627 1312 egregie.
655 1223 737 1290 Cum
749 1223 857 1290 Pansa
873 1225 938 1290 vixi
951 1226 987 1289 in
1000 1223 1209 1311 Pompeiano:

253 1316 281 1381 is
308 1315 404 1399 plane
432 1315 511 1380 mihi
537 1314 699 1398 probabat
725 1334 759 1378 se
786 1314 868 1416 bene
899 1314 1020 1416 sentire
1040 1318 1075 1379 et
1097 1336 1209 1418 cupere

253 1402 1210 1577 {diffieriiub'bddiiitdbibffldt?uldilapiit

253 1581 498 1665 cogitationem,
526 1580 679 1664 quidnam
701 1579 772 1644 istis
796 1579 958 1664 egendum
981 1583 1107 1665 putem,
1138 1602 1211 1647 eon·

255 1669 327 1733 silia
339 1673 521 1752 temporum
536 1672 626 1753 sunt,
649 1662 730 1752 quae
744 1668 780 1731 in
793 1668 890 1732 horas
905 1670 1096 1734 commutari
1111 1669 1211 1735 vides:

254 1754 442 1822 Dolabellae
470 1762 503 1822 et
529 1758 633 1842 prima
658 1757 715 1822 illa
743 1757 827 1821 aetio
851 1755 985 1821 ethaeo
1008 1761 1124 1822 eontra
1146 1757 1211 1822 An-

254 1845 381 1911 tonium
394 1846 506 1912 eonoio
528 1846 608 1910 mihi
629 1845 803 1930 profeeisse
825 1845 1021 1930 permultum
1034 1846 1213 1929 videbatur,

254 1957 386 2020 prorsus
409 1935 478 2000 ibat
500 1956 565 2018 1·es;
587 1955 674 2000 nune
697 1937 805 1999 autem
823 1934 969 1998 videmur
990 1933 1134 2000 habituri
1157 1936 1213 2001 du·

255 2045 338 2109 cem,
373 2024 458 2108 quod
495 2045 597 2088 unum
632 2023 808 2108 municipia
842 2021 984 2106 bonique
1020 2023 1214 2089 desiderant.

228 2111 389 2196 oEpiouri
415 2113 613 2178 mentionem
638 2111 720 2176 facis
748 2115 781 2176 et
807 2111 905 2176 audes
928 2111 1031 2176 dieere
1054 2107 1099 2196 μὴ
1122 2117 1214 2177 πολι-

255 2197 426 2266 vedeatur:
458 2221 526 2266 non
556 2203 589 2264 te
616 2198 710 2263 Bruti
741 2198 846 2266 nostri
872 2199 1044 2265 vultieulus
1077 2201 1119 2264 ab
1150 2202 1215 2266 ista

256 2289 403 2355 oratione
426 2289 587 2354 deterret?
632 2286 770 2364 Quintus
797 2289 896 2372 filius,
927 2291 965 2352 ut
987 2289 1114 2373 scribis,
1145 2289 1215 2354 An·

255 2378 339 2444 tonii
362 2381 411 2444 est
433 2377 584 2442 dextella:
616 2397 674 2460 per
702 2397 777 2441 eum
802 2377 916 2463 igitur,
947 2377 1033 2461 quod
1060 2379 1214 2461 volemus,

255 2466 351 2532 facile
374 2467 564 2531 auferemua
609 2462 784 2550 Exspecto,
816 2466 857 2550 si,
888 2467 1057 2549 utpotae,
1085 2465 1122 2532 L.
1144 2466 1213 2531 An-

256 2555 367 2619 tonius
379 2555 531 2639 produxit
545 2552 723 2638 Octavium,
746 2554 849 2638 qualis
864 2554 976 2619 oonoio
990 2553 1096 2619 fuerit.
1123 2553 1213 2620 Haeo

256 2643 419 2726 †seripsi;
443 2644 553 2708 statim
576 2642 663 2706 enim
676 2639 780 2708 Cassii
801 2641 997 2707 tabellarius.
1023 2642 1125 2709 Eram
1138 2665 1213 2709 eon·

256 2730 350 2796 tinuo
372 2730 488 2796 Piliam
511 2731 717 2815 salutaturus,
740 2729 855 2795 deinde
877 2729 919 2794 ad
942 2731 1052 2815 epulas
1071 2731 1212 2800 Vestorii

256 2819 414 2886 navicula.
458 2819 587 2885 Atticae
608 2819 782 2904 plurimam
805 2819 951 2886 salutem

323 3030 373 3099 Ep.
393 3035 437 3098 20,
455 3036 480 3085 3.
517 3029 607 3099 Atqui
623 3030 733 3085 atinam
750 3029 835 3098 (W.)·l
871 3036 896 3085 4.
919 3029 999 3100 Quod
1015 3030 1059 3086 oie
1077 3027 1209 3098 (Madvig.

253 3099 342 3168 Λᾶν.)
375 3101 420 3154 An
440 3099 520 3170 Quod
537 3100 657 3155 bonam
675 3101 732 3170 (l)?
766 3101 883 3172 Quaeras
900 3100 994 3172 vulgo.
1014 3129 1047 3142 -
1066 3101 1209 3155 vedebatur

253 3167 311 3238 (Or.
330 3170 421 3240 eonj.).
445 3171 553 3226 oldetw
570 3171 664 3242 vulgo.
689 3177 713 3226 5.
732 3171 816 3242 filiae,
835 3177 867 3226 at
884 3188 915 3239 a,
934 3171 1054 3226 Antonii
1072 3170 1140 3240 (Zb.‚
1158 3187 1209 3237 re,

253 3241 275 3295 1.
292 3256 322 3294 oz
342 3240 392 3310 Zl„
412 3258 435 3296 o.
453 3257 482 3296 or
502 3241 551 3311 0.).
578 3242 610 3310 f„
627 3247 659 3297 at
676 3259 698 3297 a.
716 3243 810 3312 Mal,
829 3242 897 3298 Oxx.
924 3243 947 3310 f.
964 3243 1131 3305 illitterata.
1164 3239 1208 3295 Or.

253 3310 336 3382 eorp'.²
353 3311 385 3366 B.
404 3341 440 3351 -
457 3315 532 3367 not:
552 3328 609 3368 aon
627 3313 701 3383 (Ν).
719 3319 766 3368 aa?
789 3328 847 3368 aon
865 3311 989 3384 (vulgo)?
1009 3343 1041 3354 -
1061 3311 1209 3381 terrebat

254 3381 355 3461 abtim.
386 3379 500 3437 Excidit
517 3381 638 3454 aliquid,
656 3387 689 3439 ut
710 3383 845 3452 festinam
863 3383 930 3454 (W.)
948 3383 996 3441 rel
1008 3382 1208 3454 properavero.

256 3463 326 3583 pgrrp.
340 3454 430 3590 ἔξω
454 3455 518 3508 ante
542 3471 592 3510 ser.
616 3457 715 3524 postve
737 3457 787 3511 aut
813 3456 866 3511 etto
891 3453 958 3526 (W.)
985 3453 1032 3511 vel
1056 3455 1210 3510 manuatim
