2582 3980
218 219 679 312 delementum
697 216 890 274 CICERONIS

217 365 378 468 publicae,
401 385 482 449 quae
504 367 668 448 praestare
691 362 835 432 debuit
825 384 862 446 rs,
887 363 942 447 qui
965 337 1085 427 esset
1073 381 1107 426 ιιι
1131 383 1181 445 eo,

218 455 253 518 in
276 474 339 537 quo
363 472 441 538 ego
454 475 539 535 sum,
571 452 674 538 gradu
702 454 833 516 senatus
860 451 1036 535 populique
1059 450 1180 515 iudicio

218 542 408 625 collocatus,
439 561 498 606 nec
525 503 582 605 illa
609 539 718 622 modo,
750 561 830 624 quae
858 539 1011 604 nimirum
1039 540 1109 604 sola
1138 539 1181 602 ab

219 629 350 696 homine
365 591 442 699 seint
464 628 683 730 postulanda,
691 591 796 712 iidem,
819 627 1031 714 vigilantiam,
1053 628 1181 711 patriae

219 719 443 784 caritatem—
459 739 497 782 ea
520 720 596 782 sunt
619 717 713 801 enim,
737 737 818 800 quae
840 737 935 781 nemo
959 715 1088 799 estqui
1111 737 1183 780 non

218 809 383 891 praestare
407 806 587 871 debeat-
588 826 679 892 ,ego
703 809 812 870 autem
834 805 877 889 ei,
905 805 960 888 qui
983 804 1179 869 sententiam

220 895 336 960 dicat'
291 899 363 960 t1n
385 895 585 979 principibus
607 895 646 958 de
663 916 699 958 re
720 894 858 978 publica,
880 896 960 978 puto
984 893 1083 958 otiam
1104 915 1181 976 pru-

219 983 307 1048 dent‘
283 987 363 1048 tram
395 1005 463 1048 esse
500 983 740 1084 praestandam,
776 1003 835 1047 nec
867 1003 932 1066 me,
968 1003 1067 1084 quum
1099 981 1181 1045 mihi

219 1076 347 1138 tantum
383 1069 587 1156 sumpserim,
622 1075 660 1136 ut
687 1071 916 1157 gubernacula
947 1070 995 1135 rei
1031 1069 1181 1154 publicae

218 1161 463 1245 prehenderem,
495 1160 602 1224 minus
622 1161 774 1312 putarim
806 1158 1120 1261 reprehendendum,
1154 1158 1181 1222 si

219 1249 378 1314 inutiliter
400 1249 521 1333 aliquid
544 1252 670 1314 senatur
693 1248 864 1330 suaserim,
895 1269 992 1332 quam
1016 1247 1043 1311 si
1065 1245 1180 1310 infide-

193 1338 301 1402 eliter.
347 1337 431 1402 Acta
447 1359 536 1421 quae
563 1337 630 1404 sint
657 1358 801 1421 quaeque
829 1340 929 1422 agant
930 1358 981 1420 ur,
1014 1335 1079 1400 scio
1109 1341 1180 1419 p'er·

221 1426 317 1491 scribi
340 1426 381 1490 sd
403 1430 436 1490 te
460 1425 595 1510 diligent
596 1447 643 1508 er;
667 1446 706 1489 ex
721 1447 772 1489 me
787 1428 894 1490 autem
917 1387 1070 1489 illu'dt
1021 1428 1070 1488 est
1093 1423 1179 1508 quod

220 1518 252 1578 te
275 1515 371 1579 velim
394 1514 513 1579 habere
536 1515 715 1599 cognitum,
747 1535 854 1578 meum
883 1513 1011 1597 quidem
1035 1512 1181 1576 animum

220 1602 255 1666 in
278 1604 345 1667 acie
369 1623 437 1668 esse
460 1624 565 1686 neque
592 1606 772 1686 respectum
794 1603 895 1666 ullum
919 1622 1084 1686 quaerere,
1116 1601 1179 1664 nisi

219 1711 271 1754 me
284 1690 408 1754 utilitas
430 1691 569 1756 civitatis
581 1691 666 1756 forte
681 1690 887 1773 converterit,
909 1689 1047 1754 maiores
1072 1693 1179 1752 autem

219 1781 328 1862 partes
352 1777 451 1842 animi
473 1781 505 1842 te
527 1777 735 1863 Cassiumque
758 1779 945 1862 respiciunt:
969 1777 1180 1862 quamobrem

220 1865 267 1930 ιιιι
289 1869 321 1932 te
343 1887 431 1952 para,
454 1865 563 1950 Brute,
586 1867 798 1952 utintelligas
813 1871 878 1950 aut,
901 1867 929 1930 si
950 1865 1013 1929 hoo
1033 1869 1179 1949 tempore

220 1955 302 2020 bene
324 1977 376 2021 res
398 1956 565 2040 gestauit,
587 1956 647 2020 tibi
660 1955 824 2020 meliorem
838 1975 907 2018 rem
929 1953 1093 2038 publicam
1110 1959 1180 2016 esse

220 2043 401 2109 faciendam
428 2047 497 2128 aut,
534 2045 562 2108 si
589 2043 665 2127 quid
693 2043 850 2109 offensum
878 2043 932 2127 sit,
964 2063 1022 2126 per
1049 2046 1082 2106 te
1110 2061 1179 2106 esse

221 2133 356 2198 candem
377 2133 638 2218 recuperandam.

681 2321 724 2390 11.

427 2445 471 2516 (l.
490 2463 517 2502 u.
536 2463 558 2502 o.
580 2451 629 2500 ιιι
648 2447 714 2516 post
731 2444 764 2502 V.
783 2445 824 2502 Id.
843 2445 974 2516 Apriles.)

516 2552 644 2608 CICERO
664 2551 786 2616 BRUTO
806 2550 881 2606 SAL.

195 2680 206 2720 ι
286 2659 398 2725 Planci
421 2660 622 2726 animum‘in
644 2682 712 2725 rem
739 2660 901 2744 publicam
928 2658 1110 2744 egregium,
1136 2660 1179 2724 le·

220 2747 343 2834 gionea,
365 2748 493 2832 auxilia,
515 2750 624 2834 copias
638 2771 677 2814 ex
690 2749 806 2814 litteris
820 2749 898 2832 eiua,
920 2769 1057 2832 quarum
1078 2768 1181 2812 exem·

220 2839 309 2921 plum
333 2837 393 2902 tibi
415 2837 549 2902 missum
572 2839 723 2921 arbitror,
746 2837 925 2921 perspicere
948 2836 1098 2920 potuisti3
1123 2836 1180 2900 Le·

220 2927 301 3011 pidi,
332 2927 381 2991 tui
408 2926 592 3009 necessarii,
629 2924 882 3010 quiescendum
909 2924 1043 2988 fratrem
1066 2924 1180 2989 affines

220 3013 320 3080 habet
342 3036 422 3099 quos
441 3015 545 3080 oderit
566 3015 738 3098 proximos,
760 3014 926 3079 levitatem
939 3016 973 3076 et
994 3013 1180 3077 inconstan-

221 3102 302 3166 tiam
324 3103 531 3187 animumque
545 3123 670 3186 semper
687 3101 854 3168 inimicum
876 3101 923 3167 rei
946 3100 1094 3185 publicae
1116 3101 1180 3166 iam

194 3191 316 3256 teredo
339 3191 400 3255 tibi
422 3211 461 3255 ex
483 3195 612 3256 tuorum
638 3189 755 3255 litteris
778 3211 848 3254 esse
869 3192 1088 3274 perspectum:
1121 3209 1180 3254 nos

222 3279 416 3362 exspectatio
450 3278 616 3364 sollicitat,
647 3299 729 3362 quae
761 3282 810 3342 est
842 3278 947 3342 omnis
974 3278 1038 3342 iarn
1066 3277 1103 3341 in
1130 3297 1180 3341 ex·

293 3483 1180 3556 Ep.‚.12esseticeo‚taqao(l..)c.,eochB

223 3551 337 3606 cellud
355 3556 482 3624 estquod
500 3555 575 3624 ιιι..)
600 3557 670 3622 ie,
688 3555 825 3626 quulgo
