2590 3964
261 212 521 269 EPISTOLARUM
538 213 588 267 AD
606 211 771 268 ATTIOUM
789 213 836 268 lV.
857 219 881 267 1.
987 209 1050 274 119

100 358 211 422 urbem
231 358 276 422 ita
290 359 374 441 veni,
397 361 434 423 ut
452 379 547 422 nemo
562 358 659 423 ullius
673 358 795 424 ordinis
807 357 906 423 homo
919 377 1053 421 nomen·

102 446 212 510 elateri
233 449 330 512 notus
353 445 467 531 fuerit,
499 446 555 530 qui
577 446 658 510 mihi
680 447 808 512 obviam
830 466 899 510 non
921 446 1054 529 venerit,

101 538 223 616 praeter
245 555 300 600 eos
322 533 486 618 inimicos,
508 533 626 618 quibus
647 534 681 599 id
703 535 825 620 ipsum,
848 555 883 598 se
905 532 1054 597 inimicos

99 639 176 703 esse,
197 643 265 688 non
287 622 400 687 liceret
422 626 479 687 aut
496 622 698 688 dissimulare
713 626 770 687 aut
782 642 912 707 negare.
948 619 1054 698 Quum

100 710 255 774 venissem
285 711 327 774 ad
354 714 481 794 portam
504 708 682 795 Capenam,
714 710 834 797 gradm
860 710 1056 794 templorum

100 797 138 860 ab
174 798 286 863 infima
321 800 415 882 plebe
452 799 603 882 eompleti
639 803 744 883 erant,
785 821 805 862 a
840 820 904 882 qua
938 799 1055 880 plausu

99 885 235 950 maximo
277 909 377 972 quum
417 891 503 952 esset
537 887 617 950 milri
653 887 827 972 gratulatio
864 885 1055 970 significata,

100 973 209 1038 similis
234 978 267 1039 et
288 975 471 1058 frequentia
493 979 527 1040 et
548 976 681 1059 plausus
704 997 755 1040 me
777 995 879 1057 usque
902 973 943 1036 ad
962 971 1055 1056 Capi-

98 1061 210 1125 talium
234 1063 421 1147 celebravit,
451 1064 488 1128 in
515 1063 651 1146 foroque
678 1067 711 1128 et
737 1063 773 1127 in
799 1064 871 1146 ipso
895 1061 1055 1144 Capitolio

99 1149 244 1215 miranda
274 1151 448 1216 multitudo
475 1151 547 1216 fuit.
590 1151 762 1217 Postridie.
778 1151 814 1214 in
841 1153 968 1234 senatu,
1001 1148 1057 1233 qui

99 1237 160 1301 fuit
181 1238 251 1303 dias
273 1237 444 1304 Nonarum
467 1237 655 1324 Septembr,
670 1269 672 1274 ¹
686 1239 814 1304 senatui
841 1238 963 1324 gratias
990 1237 1056 1321 egi·

100 1347 177 1390 mus.
213 1326 266 1392 llo
280 1327 380 1392 biduo
394 1349 493 1411 quum
511 1331 596 1392 esset
618 1349 767 1394 annonae
791 1349 916 1392 summa
938 1326 1085 1390 ouriasr

102 1417 131 1477 et
150 1414 302 1480 homines
326 1416 367 1480 ad
388 1417 553 1481 theatrum
574 1417 689 1501 primo,
711 1416 826 1481 deinde
845 1415 885 1480 ad
908 1419 1064 1479 senatum

102 1503 354 1587 concurrissent,
384 1504 524 1589 impulsu
552 1503 657 1569 Clodii
683 1526 755 1569 mea
782 1525 881 1588 opera
902 1500 1058 1567 frumenti

103 1589 1057 1765 tttttttttttntututtttttttt

104 1788 194 1832 mone
207 1789 277 1832 non
294 1770 398 1833 solum
420 1769 532 1853 plebis,
554 1791 666 1834 verum
679 1769 777 1833 etiam
790 1770 951 1834 bonorum
963 1766 1057 1832 Pom-

104 1855 189 1938 peius
212 1861 383 1922 vocaretur
404 1857 500 1941 idque
523 1858 593 1941 ipse
620 1860 751 1942 cuperet
779 1857 1015 1939 multitudoque
1038 1877 1058 1920 a

22 2011 24 2018 ‚
105 1964 151 2008 ms
172 1945 380 2028 nominatim,
412 1949 450 2010 ut
471 1945 504 2009 id
527 1945 745 2030 deeernerem,
775 1946 968 2029 postularet,
994 1941 1058 2007 feei

107 2035 136 2094 et
156 2037 306 2097 aoourate
329 2033 522 2098 sententiam
546 2034 628 2118 dixi,
650 2056 749 2118 quum
771 2034 923 2097 abessent
945 2052 1057 2096 eonsu-

106 2119 192 2204 lares,
216 2120 303 2204 quod
317 2125 389 2186 tuto
404 2143 438 2186 se
452 2126 611 2207 negarent
622 2122 928 2205 posse'sententiam
945 2119 1058 2202 dicere,

107 2213 229 2291 praeter
242 2208 428 2275 Messallam
451 2213 485 2273 et
497 2210 678 2275 Afranium.
705 2207 842 2274 Factum
856 2211 906 2272 est
926 2211 1058 2272 senatus

108 2298 285 2362 consultum
307 2298 342 2362 in
369 2319 474 2362 meam
501 2298 709 2380 sententiam,
740 2300 778 2361 ut
805 2317 878 2360 cum
903 2294 1058 2379 Pompeio

108 2389 265 2469 ageretur,
296 2389 333 2450 ut
356 2407 427 2450 eam
453 2406 521 2450 rem
548 2387 737 2470 susciperet,
768 2385 881 2468 lexque
908 2384 1059 2467 ferretum

109 2494 165 2555 quo
188 2477 321 2538 senatus
345 2474 492 2540 consulto
515 2475 649 2538 recitato
672 2473 863 2553 †oontinuo
885 2494 974 2538 more
996 2472 1059 2537 hoo
1116 2543 1120 2548 ,

109 2562 225 2626 insulso
249 2565 282 2626 et
304 2583 389 2627 novo
418 2563 567 2646 plausum
588 2564 624 2627 ia
645 2583 718 2627 meo
740 2561 872 2627 nomine
894 2561 1059 2626 recitando

111 2648 251 2732 dedisset,
273 2649 374 2714 habui
397 2651 594 2734 concionem,
615 2669 710 2732 quum
725 2671 836 2716 omnes
849 2649 1059 2734 magistratus

112 2741 289 2819 praesentes
311 2742 439 2821 praeter
451 2759 552 2804 unum
574 2742 756 2823 praetorem
770 2740 804 2802 et
816 2737 898 2803 duos
910 2738 1059 2803 tribunos

174 2912 225 2981 Ep.
246 2918 275 2981 1,
294 2918 318 2966 5.
359 2902 463 2981 speum,
488 2929 516 2968 se
534 2893 576 2968 ila.
596 2929 663 2979 esse,
689 2927 746 2968 nou
764 2911 854 2980 (ldR.;
877 2911 955 2978 Oxx,
978 2909 1058 2978 Palu,

113 2983 198 3037 Anbr.
215 2990 257 3050 16,
277 2982 338 3038 edd.
358 2983 434 3052 Mal,
452 2986 513 3053 aa).
547 2983 606 3038 Om.
625 2999 653 3037 se
665 2984 704 3037 iu.
719 3000 739 3037 e.
759 2983 843 3050 Corr,
861 2982 899 3036 lb.
915 2981 948 3051 [s.
966 2980 1006 3034 in.
1024 2979 1059 3050 a]

25 3083 26 3090 κ
113 3051 139 3108 Β.
172 3061 195 3108 6.
215 3054 286 3121 dixi,
304 3070 387 3122 quum
401 3096 408 3109 .
424 3096 430 3109 .
446 3095 452 3107 .
467 3053 532 3120 Asr.
546 3053 773 3123 Factumvulgo.
796 3054 823 3106 d.
844 3052 934 3176 guam
949 3092 955 3105 .
970 3092 978 3105 .
993 3091 999 3103 .
1013 3051 1059 3116 A,

113 3123 231 3194 tBoot,
249 3123 279 3178 B.
307 3155 341 3164 —
366 3125 533 3192 †ooata'uuo
550 3123 846 3189 mure...dedisset(
872 3121 937 3188 Ml,
955 3121 981 3192 β,
999 3119 1059 3187 Ru,

114 3196 163 3264 al).
181 3211 240 3248 oum
253 3209 326 3249 more
398 3196 424 3249 d.
439 3195 498 3249 Mu.
518 3212 550 3260 a,
563 3211 646 3264 quum
655 3211 688 3250 m.
700 3208 804 3250 ..novo
813 3191 936 3261 popalus
945 3190 1058 3258 pl...d.

113 3265 170 3336 (W.)
188 3268 237 3320 aut
258 3283 282 3334 q.
298 3265 422 3335 populus
439 3282 460 3320 e.
480 3283 514 3320 m.
534 3266 590 3334 (vel
608 3271 677 3322 sont.
696 3281 720 3333 q.
735 3281 766 3333 p.
781 3280 815 3317 m.
832 3305 838 3316 .
853 3305 859 3317 .
874 3262 912 3329 d.)
932 3261 1007 3328 (W).
1034 3277 1059 3329 q.

113 3337 220 3406 populeas
242 3337 367 3391 m...d.
388 3341 439 3404 aa,
462 3351 484 3390 e,
518 3341 587 3391 cont.
610 3352 694 3405 quum
715 3330 1059 3388 m...dedissmtB.-

114 3407 140 3460 iu
154 3423 206 3462 meo
223 3424 252 3462 a.
269 3421 321 3462 rec.
350 3405 404 3472 (W.
424 3407 454 3460 et
472 3407 581 3476 Zumpt.
600 3405 680 3474 conj,
703 3404 754 3472 B.).
787 3419 820 3458 m.
840 3419 867 3457 a.
886 3418 909 3456 r.
934 3401 1059 3470 (vulgolt

115 3493 142 3532 u.
159 3479 232 3602 ulia
249 3493 274 3532 r.
293 3478 314 3532 I.
337 3477 441 3545 plausu
458 3492 514 3531 meo
532 3477 582 3531 RI.
602 3505 638 3516 -
655 3479 734 3539 cont,
753 3489 835 3541 quam
853 3488 876 3528 ο.
896 3472 970 3542 (W.).
999 3471 1059 3526 um.

114 3563 133 3618 ς.
149 3565 237 3620 rugo.
