2582 3980
236 250 497 307 EPISTOLARUM
516 251 564 308 AD
583 251 736 308 BRUTUM
754 254 788 308 11.
807 259 831 308 4.
852 259 875 308 5.
970 252 1043 318 651'

73 394 203 478 gaudeo
228 397 269 477 ct,
292 395 329 477 si,
352 395 437 479 quod
460 417 549 460 amas
573 413 661 479 eum,
684 407 721 461 eo
746 397 867 461 maiora
890 397 979 481 iacis,
1001 397 1032 462 id

74 483 184 566 ipsum
208 483 436 548 incredibiliter
459 484 593 568 gaudeo,
616 507 635 548 a
658 488 690 548 te
713 505 786 549 eum
809 485 908 571 diligi
1022 499 1040 517 ¹·

474 635 514 741 u.
539 673 638 764 [ιιι]
748 757 750 762 ,

310 797 409 872 ,(ΧΙΙΙ.
427 797 460 855 Κ.
479 797 569 854 Maias
588 813 701 852 aua
722 798 792 866 711.)

370 900 499 958 CICERO
518 901 641 958 BRUTO
661 901 737 958 SAL.
849 935 852 940 ·

144 1007 234 1085 Quae
256 1010 382 1074 litterae
405 1014 462 1074 tuo
480 1011 611 1074 nominc
625 1010 777 1074 recitatae
792 1009 858 1074 sint
871 1009 917 1074 Id.
932 1009 1061 1095 Aprili

73 1097 109 1161 in
135 1102 250 1162 senatu
274 1098 448 1182 eodemque
471 1101 615 1182 tempore
638 1097 790 1180 Antonii,
821 1099 915 1163 credo
939 1099 979 1164 ad
1002 1102 1034 1163 ta

73 1186 242 1269 scripsisse
270 1189 358 1270 taos,
390 1207 527 1270 quorum
553 1205 614 1271 ego
640 1186 763 1250 nemini
792 1186 946 1270 coneed03
980 1187 1035 1251 sed

74 1274 160 1337 nihil
182 1295 313 1339 necesse
336 1277 406 1339 erat
435 1274 546 1339 eadem
568 1293 693 1358 omnes,
724 1273 804 1338 illud
825 1295 961 1340 necesse
983 1295 1035 1339 me

74 1363 116 1426 ael
142 1366 174 1426 te
198 1363 352 1446 scribere,
374 1363 450 1447 quid
474 1363 626 1426 sentirem
648 1366 719 1428 tota
741 1362 780 1426 de
803 1363 1035 1428 constitutione

73 1450 173 1515 huius
201 1451 278 1516 belli
301 1455 334 1515 et
357 1473 420 1535 quo
445 1449 564 1515 iudicio
591 1471 693 1515 essem
716 1471 842 1535 quaque
866 1451 1034 1516 sententia.

74 1538 239 1604 Voluntas
263 1561 343 1622 mea,
366 1538 475 1623 Brute,
498 1539 537 1602 de
554 1559 678 1602 summa
701 1559 735 1602 re
757 1539 887 1623 publica
909 1559 1036 1624 semper

72 1625 189 1690 eadem
211 1627 283 1712 fuit,
306 1631 387 1710 qude
410 1631 476 1709 tua,
497 1627 581 1692 ratio
605 1626 795 1711 quibusdam
817 1628 852 1691 in
874 1628 970 1710 rebus
993 1663 1033 1676 -

74 1736 145 1780 non
168 1717 254 1780 eninr
277 1715 426 1780 omnibus
448 1751 490 1762 --
512 1715 622 1800 paullo
644 1715 782 1780 fortasse
805 1716 1033 1782 vehementior.

74 1801 158 1867 Scis'
174 1803 254 1868 milri
281 1823 406 1888 semper
435 1805 593 1888 placuisse
622 1825 689 1870 non
720 1823 797 1888 rege
828 1805 947 1888 solum,
979 1803 1034 1870 sed

74 1911 178 1975 regno
206 1891 335 1956 liberari
358 1913 425 1956 rem
448 1892 622 1975 publicam:
654 1896 690 1954 tu
712 1892 830 1974 lenius,
859 1893 1039 1956 immortali*

74 1979 210 2044 omnino
243 1999 316 2044 cum
347 1983 405 2043 tua
435 1977 543 2060 laude,
574 1977 643 2061 sed,
675 1978 751 2061 quid
783 1978 897 2044 melius
928 1979 1036 2062 luent,

75 2087 198 2150 magno
222 2066 331 2130 dolore
360 2065 530 2148 sensimus,
558 2085 677 2150 magno
704 2065 846 2149 pen'culo
870 2067 1034 2131 sentimus.

74 2153 213 2218 Recenti
244 2153 301 2217 illo
331 2157 477 2237 tempore
508 2156 545 2218 tu
577 2155 685 2218 omnia
717 2153 757 2217 ad
789 2175 916 2238 pacem,
953 2175 1036 2238 quae

75 2241 225 2308 oratione
248 2241 361 2306 confici
383 2263 451 2306 non
473 2245 613 2325 poterat,
646 2261 706 2326 ego
735 2243 843 2306 omnia
871 2243 911 2306 ad
940 2242 1036 2306 liber·

75 2334 188 2414 tatem,
211 2349 291 2414 quae
315 2330 384 2394 sine
406 2350 485 2414 pace
499 2330 589 2394 nulla
608 2332 666 2413 est,
688 2349 799 2413 pacem
822 2330 1035 2414 ipsam'bello

76 2423 176 2502 atque
200 2419 296 2482 armis
319 2417 403 2482 effici
425 2437 521 2502 posse
544 2416 740 2482 arbitrabarr
764 2418 870 2482 studia
892 2439 959 2482 non
982 2418 1036 2482 de-

76 2510 172 2571 erant
203 2527 292 2571 arma
322 2505 537 2591 poscentium,
568 2527 705 2589 quorum
736 2507 944 2589 repressimus
975 2505 1036 2570 im·

76 2597 189 2678 petum
212 2595 422 2678 ardoremque
444 2594 658 2660 restinximus.
694 2593 808 2678 ltaque
830 2615 882 2658 res
904 2595 938 2658 in
961 2612 1062 2659 cumr

76 2684 184 2747 locum
221 2686 366 2767 venerat,
402 2685 452 2765 ut,
487 2681 550 2746 nisi
582 2679 712 2746 Caesari
743 2681 920 2748 Octaviano
957 2681 1035 2747 deus

77 2769 209 2854 quidam
231 2771 320 2836 illam
343 2774 484 2835 mentem
507 2769 661 2854 dedisset,
692 2770 727 2834 in
750 2774 943 2854 potestatem
964 2791 1036 2854 pcr-

76 2858 228 2922 ditissimi
250 2859 390 2924 hominis
417 2861 451 2923 et
476 2859 653 2942 turpissimi
676 2857 720 2922 M.
742 2857 879 2923 Antonii
905 2859 1036 2923 venien-

78 2947 155 3010 dum
177 2946 287 3028 iuerit,
320 2969 458 3031 quocum
485 2946 573 3011 vides
603 2947 665 3012 hoe
687 2951 831 3030 tempore
854 2947 925 3030 ipso
947 2947 1034 3030 quod

76 3036 121 3098 sit
143 3039 363 3119 quantumque
382 3038 556 3100 certamen:
578 3035 611 3100 id
632 3035 779 3119 proiecto
793 3034 918 3100 nullum
940 3039 1036 3118 esset,

76 3122 141 3186 nisi
172 3126 242 3187 tum
274 3127 481 3188 conservatus
513 3127 597 3191 esset
628 3123 800 3186 Antonius.
855 3120 917 3187 Sed
953 3123 1033 3188 haec

75 3211 207 3294 omitto;
238 3231 288 3275 res
312 3211 398 3275 enim
420 3233 440 3274 a
461 3215 494 3274 te
522 3215 614 3296 gesta
634 3210 852 3275 memorabilis
875 3214 909 3274 et
931 3231 1036 3295 paene

76 3299 224 3363 caelestis
246 3299 373 3383 repellit
387 3319 498 3364 omnes
514 3299 787 3384 reprehensiones,
810 3299 928 3383 quippe
951 3319 1035 3384 quae

148 3507 229 3649 E&
249 3509 363 3579 (Sigon,
378 3508 434 3578 vl).
454 3507 501 3564 v1.
515 3525 539 3590 p.
553 3507 613 3563 VII.
628 3507 721 3578 vulgo.
738 3514 762 3562 1.
777 3523 872 3578 paoem
890 3508 1033 3577 referebas,

76 3596 145 3650 quoe
212 3623 217 3634 .
1034 3599 1036 3604 ·
