2574 3966
220 254 482 312 EPISTOLARUM
498 257 549 312 AD
567 255 732 314 Araloon
750 257 823 314 XlII.
844 265 920 315 7-9.
982 257 1046 323 467

542 469 599 538 ΙΧ.

216 588 274 646 ser.
293 589 323 646 in
342 590 503 646 Tusculano
520 607 616 647 menae
633 590 713 646 Iunio
731 607 756 644 a.
775 609 802 646 a.
821 608 845 648 o.
865 597 924 648 loa.

365 694 515 752 CICERO
532 695 683 752 ATTICO
700 695 784 751 SAL.

156 800 370 869 Commodum
402 804 593 872 discesseras
628 805 713 888 heri,
749 827 847 889 quum
879 805 1074 873 Trebatiun

79 891 189 975 venit,
211 893 321 977 paullo
343 896 420 978 post
438 889 582 958 Curtius:
603 894 657 958 hio
680 893 842 960 salutandi
865 915 971 979 eausa,
993 897 1049 961 sed

80 979 213 1044 mansit
246 981 420 1064 invitatum
456 979 643 1048 Trebatium
678 982 848 1047 nobiseum
883 983 1049 1048 habe'mus.

81 1067 196 1133 Hodie
215 1083 319 1134 ‘mane
344 1068 529 1135 Dolabella:
561 1071 683 1134 multuo
710 1091 815 1135 sermo
843 1071 884 1136 ad
910 1073 1049 1136 multum

82 1155 189 1240 ‹liem3
210 1157 294 1222 nihil
315 1179 449 1242 possum
470 1158 573 1222 dicere
588 1155 827 1244 ἐκτενέστερον,
849 1159 932 1224 nihil
954 1164 1049 1242 φιλο-

84 1240 322 1329 στοργότερον.
366 1245 511 1312 Ventum
547 1249 597 1312 est
633 1246 766 1312 tandem
802 1247 844 1311 ad
879 1246 1048 1323 Quintum:

84 1333 194 1398 multa
216 1328 345 1416 ἄφατα,
367 1328 545 1418 ἀδιήγητα,
569 1334 625 1399 sed
646 1356 748 1400 unum
771 1335 941 1420 eiusmodi,
962 1336 1049 1419 quod

84 1421 154 1486 nisi
177 1423 336 1486 exereitus
358 1423 469 1507 eoiret,
491 1443 559 1488 non
581 1423 677 1488 modo
701 1423 813 1488 Tironi
836 1424 970 1508 dictare,
993 1425 1049 1489 aad

85 1531 130 1573 ne
143 1509 216 1593 ipae
230 1510 359 1594 quidem
372 1511 523 1576 auderem
539 1512 686 1577 seribere.
714 1509 776 1576 Sed
789 1512 870 1576 haee
883 1513 1048 1578 haetenus.

86 1591 267 1682 Εὐκαίρως
288 1599 329 1662 ad
352 1620 404 1663 me
426 1600 524 1682 venit,
548 1619 646 1684 quum
668 1600 821 1664 haberem
836 1599 1049 1685 Dolabellam,

87 1685 284 1770 Torquatus,
306 1686 601 1772 humanissimeque
614 1687 794 1772 Dolabella,
811 1689 929 1773 quibus
942 1690 1048 1754 verbis

87 1795 200 1839 aeoum
222 1775 374 1862 egissem,
396 1777 557 1860 exposuit,
584 1778 787 1842 commodum
809 1778 896 1843 enim
918 1798 1048 1863 egeram

87 1862 351 1948 diligentissime,
380 1885 461 1947 quae
489 1863 657 1950 diligentia
684 1869 779 1950 grata
806 1870 856 1930 eat
877 1867 947 1930 visa
970 1866 1047 1931 Tor·

88 1955 201 2034 quate.
227 1951 304 2017 Ate
318 1956 478 2036 exspecto,
500 1953 528 2016 si
551 1953 628 2036 quid
651 1953 690 2017 de
712 1951 830 2036 Brut03
853 1975 1047 2038 quamquam
1061 1972 1075 2012 a

87 2037 202 2105 Niciae
225 2041 408 2106 coniectum
430 2040 582 2124 putabat,
611 2041 666 2105 aed
689 2040 862 2105 divortium
884 2062 953 2106 non
972 2063 1047 2124 pro·

87 2128 178 2192 bari:
209 2149 273 2212 quo
306 2129 403 2194 etiam
429 2129 534 2213 magia
559 2128 673 2194 laboro
706 2129 805 2213 idem,
827 2129 913 2212 quod
939 2131 989 2211 tu,
1021 2129 1048 2194 si

88 2215 169 2300 quid
192 2220 242 2281 eat
264 2217 351 2282 enim
372 2216 573 2301 offensionis,
603 2217 683 2282 haeo
710 2237 762 2281 nea
789 2216 909 2280 mederi
931 2220 1047 2301 potest.

88 2303 174 2370 Mihi
196 2304 358 2389 Arpinum
379 2305 521 2370 eundum
544 2308 607 2389 eat3
637 2327 715 2370 nam
737 2309 771 2369 et
796 2326 878 2389 opus
901 2309 951 2369 est
973 2326 1048 2370 oon·

89 2393 183 2458 atitui
206 2393 342 2459 anobis
369 2394 427 2459 illa
447 2394 613 2478 praediola
635 2392 669 2458 et
689 2414 815 2477 vereor,
845 2414 888 2458 ne
909 2393 1048 2458 exeundi

88 2485 236 2566 potestas
261 2503 330 2547 non
357 2482 413 2566 ait,
444 2503 543 2566 quum
570 2481 689 2547 Caesar
719 2482 856 2566 venerit,
887 2481 926 2548 de
956 2482 1047 2547 ouius

89 2571 233 2635 adventu
256 2591 327 2635 eam
349 2571 536 2655 opinionem
557 2569 729 2636 Dolabella
749 2571 861 2654 habet,
891 2591 988 2655 quam
1010 2575 1047 2636 tu

90 2659 309 2724 coniecturam
340 2659 481 2724 faciebas
509 2680 547 2723 ex
573 2659 691 2724 litteris
717 2659 896 2725 Messallae.
941 2658 1047 2735 Quum

88 2747 167 2812 illue
188 2765 307 2812 venero
329 2746 594 2831 intellexeroque,
624 2747 701 2831 quid
730 2747 854 2834 negotii
882 2747 938 2833 ait,
968 2752 1048 2832 tum,

90 2836 132 2900 ad
155 2856 238 2921 quoe
261 2835 329 2900 dies
351 2835 513 2900 rediturus
536 2834 606 2919 aim,
628 2834 766 2900 scribam
789 2837 830 2900 ad
852 2839 894 2900 te.

143 3009 256 3082 lanai.
274 3011 347 3064 venit
359 3015 385 3065 et
397 3027 429 3078 p.
448 3009 533 3083 (W.)?
552 3039 585 3050 -
604 3010 765 3065 collaudem
779 3010 817 3066 ad
832 3011 898 3133 zm).
918 3023 940 3062 e.
957 3013 1048 3064 tamen

91 3081 129 3136 ad
145 3085 240 3163 vulgo.
260 3110 295 3122 —
313 3080 368 3134 Sed
384 3081 451 3136 haee
467 3081 492 3135 t.
513 3079 568 3147 (W.
587 3082 617 3134 et
634 3080 665 3134 B.
685 3097 718 3135 ex
737 3097 760 3134 o.
780 3096 808 3134 o:
854 3121 869 3148 .‚
888 3078 938 3134 sed
956 3079 987 3133 B.
1005 3081 1047 3133 in·

90 3149 124 3205 ol.
142 3152 241 3221 typre).
268 3152 383 3206 senten
400 3180 436 3190 —
453 3151 499 3205 aed
517 3151 566 3204 boe
582 3151 607 3204 t.
628 3150 712 3218 (W.)?
737 3149 799 3205 Orn.
816 3151 883 3204 leaeo
898 3149 993 3219 vulgo.
1012 3179 1046 3190 -

90 3221 191 3278 Dolab.
206 3263 213 3276 .
229 3263 234 3275 .
249 3221 307 3289 dal,
363 3238 396 3276 aa
413 3221 444 3275 B.
462 3220 527 3276 incl.
545 3221 629 3291 typis.
649 3219 709 3275 Onu
728 3219 797 3275 MR.
816 3219 859 3286 (R.
878 3221 973 3275 tamen
992 3236 1046 3275 aer·

92 3294 158 3348 vato
174 3294 267 3364 quoe),
285 3309 315 3347 ae
353 3291 460 3347 habent
477 3291 553 3362 lael,
571 3307 598 3348 o:
617 3289 746 3345 meliores
766 3290 845 3345 codd.
