2590 3964
247 247 505 304 nerssomaon
523 245 573 302 Aa
592 247 756 303 arricum
773 248 808 302 11.
827 253 870 303 aa.
994 234 1034 310 8'1

93 413 183 475 quum
205 393 307 456 multa
329 392 474 476 dixisset,
501 391 608 456 aiebat
634 392 739 479 illum
754 383 858 476 piimo
882 389 959 456 sane'
982 379 1037 455 diu

91 481 185 544 multa
208 483 333 566 contra,
366 481 407 544 ad
437 481 615 546 extremum
642 483 750 544 autem
772 485 888 544 manus
913 468 1037 543 dedisse

90 572 118 631 et
140 567 316 632 affirmasse
342 567 425 634 nihil
453 589 486 633 se
514 571 627 633 contra
650 568 718 634 eius
745 564 945 634 voluntatem
968 588 1037 630 esse

88 656 252 720 facturum
297 654 360 721 Sed
387 659 501 740 postea
528 659 638 721 tamen
664 649 719 720 ille
750 675 818 722 non
849 655 973 720 destitit
999 652 1038 720 de

87 744 175 808 nobis
199 745 374 829 asperrime
396 745 497 828 loqui,
526 745 611 830 quod
635 744 662 808 si
684 765 752 812 non
774 745 1038 828 faceret„tameu

85 833 112 896 ei
141 833 224 896 nihil
256 833 458 897 crederemus
490 837 586 918 atque
619 834 743 916 omnia,
779 832 862 897 sicut
893 831 1039 916 facimus,

84 942 279 1004 pararemus.
301 919 398 986 Nunc
412 922 459 985 ita
472 941 533 986 nos
548 919 698 1006 gerimus,
711 920 797 986 utin
811 920 877 984 dies
893 919 1065 1006 singulos⁸

84 1013 115 1071 et
136 1009 245 1073 studia
268 1009 304 1072 in
325 1029 386 1073 nos
407 1009 577 1074 hominum
600 1011 633 1072 et
647 1031 723 1092 opes
746 1012 877 1073 nostrae
900 1027 1039 1092 augean-

84 1101 146 1160 tur:
181 1119 252 1160 rem
279 1096 442 1180 publicam
469 1097 560 1162 nulla
588 1118 626 1160 ex
654 1099 746 1180 parte
770 1097 974 1181 attingimus,
1004 1095 1040 1160 in

83 1185 185 1248 causis
220 1188 317 1268 atque
348 1186 384 1248 in
414 1185 470 1249 illa
498 1206 596 1270 opera
626 1187 739 1250 nostra
765 1184 887 1249 forensi
914 1205 1040 1248 summa

82 1273 242 1338 industria
264 1293 438 1356 versamur,
461 1273 546 1356 quod
561 1273 688 1358 egregie
704 1293 772 1337 non
794 1271 889 1338 modo
912 1272 961 1356 iis,
984 1271 1039 1357 qui

83 1363 219 1425 utuntur
241 1361 263 1440 †
288 1382 399 1445 opera,
422 1361 599 1428 sedetiam
621 1361 658 1426 in
678 1361 795 1446 vulgus
819 1363 947 1448 gratum
970 1381 1039 1424 esse

82 1450 253 1513 sentimus:
290 1448 404 1513 domus
428 1449 620 1533 celebratur,
647 1450 836 1534 occurritur,
866 1449 1040 1514 renouatur

82 1537 237 1602 memoria
269 1537 469 1621 consulatue,
501 1537 608 1602 studia
640 1537 876 1624 significantur,
906 1536 942 1599 in
969 1557 1040 1600 eam

83 1647 172 1709 spem
196 1623 399 1710 adducimur,
426 1629 463 1690 ut
487 1625 583 1691 nobis
606 1647 644 1689 aa
666 1615 845 1710 contentio,
874 1646 955 1708 quae
981 1625 1039 1688 im·

83 1711 215 1798 pendet,
255 1711 418 1776 interdum
455 1734 522 1779 non
553 1713 708 1800 fugienda
745 1709 900 1779 videatur.
944 1709 1068 1780 Nuno⁴

84 1801 162 1864 mihi
189 1805 225 1865 et
251 1801 395 1865 consiliis
426 1823 506 1885 opus
539 1805 589 1866 est
618 1802 683 1866 tuis
712 1803 744 1866 et
771 1822 878 1867 amore
906 1805 940 1865 et
965 1799 1041 1882 fide3

84 1911 180 1974 quare
215 1889 341 1953 advola.
376 1889 536 1974 Expedita
563 1889 643 1954 mihi
669 1893 765 1954 erunt
796 1890 917 1972 omnia,
950 1888 978 1954 si
1007 1891 1041 1952 te

85 1977 226 2042 habebo:
249 1977 353 2041 multa
374 1998 432 2062 per
445 1977 626 2042 Varronem
648 1981 796 2042 nostrum
819 1979 873 2062 agi
894 1980 1041 2062 possunt,

85 2087 166 2148 quae
188 2069 224 2129 te
238 2069 375 2150 urgente
389 2069 484 2130 erunt
497 2065 648 2149 firmiora,
670 2067 772 2130 multa
786 2064 826 2130 ab
840 2067 911 2150 ipso
925 2062 1040 2129 Publio

85 2155 168 2237 elici,
201 2155 306 2217 multa
333 2155 498 2239 cognosci,
530 2175 611 2238 quae
637 2154 698 2218 tibi
726 2153 851 2220 occulta
877 2173 947 2216 esse
973 2173 1042 2217 non

86 2244 249 2325 poterunt,
273 2243 375 2306 multa
398 2243 495 2306 etiam
509 2279 551 2289 -
567 2242 622 2318 sed
645 2241 820 2306 absurdum
842 2241 892 2306 cst
913 2239 1042 2332 singula

86 2331 254 2414 explicare,
277 2352 376 2414 quum
399 2351 459 2415 ego
481 2329 642 2414 requiram
664 2333 697 2394 te
720 2329 761 2394 ad
784 2327 901 2394 omnia.
931 2325 1069 2394 Unum⁵

86 2419 164 2482 illud
191 2419 254 2482 tibi
281 2419 474 2503 persuadeas
506 2419 616 2501 velim,
648 2417 757 2483 omnia
785 2415 866 2482 mihi
891 2417 961 2483 fore
990 2438 1041 2482 ex-

86 2507 221 2590 plicata,
242 2507 271 2570 si
293 2509 326 2570 te
348 2507 470 2590 videro,
498 2507 553 2571 sed
575 2510 681 2571 totum
705 2506 809 2571 estin
833 2527 884 2589 eo,
908 2506 935 2570 si
957 2507 1043 2590 ante,

87 2616 183 2678 quam
196 2595 253 2658 ille
266 2595 357 2696 ineat
369 2595 604 2696 magistratum.
626 2593 709 2659 Puto
723 2593 912 2696 Rompeium
926 2591 1042 2696 Crasso

87 2685 238 2856 dazih
256 2683 879 2856 calfit?astfflatesttzltff
898 2703 971 2836 s?
987 2705 1043 2835 iis

89 2859 157 2922 sine
179 2857 330 2923 molestia
353 2862 411 2922 aut
432 2862 516 2923 certe
544 2859 612 2923 sine
640 2879 745 2924 errore
768 2857 903 2924 futuros.
939 2857 1042 2922 Preci-

88 2945 147 3010 bus
170 2948 293 3011 nostris
316 2950 349 3010 et
371 2947 593 3013 cohortatione
616 2968 683 3012 non
705 2947 843 3034 indiges:
873 2945 950 3031 quid
972 2965 1044 3012 mea

89 3035 249 3118 voluntas,
272 3033 349 3118 quid
371 3037 508 3119 tempus,
531 3034 607 3120 quid
621 3036 667 3100 rei
680 3034 869 3122 magnitudo
893 3033 1044 3117 postulet,

89 3122 253 3208 intelligis.
289 3121 338 3188 De
357 3144 391 3187 re
413 3124 543 3208 publica
564 3123 646 3188 nihil
668 3123 772 3188 habeo
787 3123 828 3187 ad
841 3124 873 3185 te
897 3119 1070 3204 scribere,⁶

89 3211 152 3275 nisi
175 3229 336 3275 summum
360 3211 468 3276 odium
489 3213 632 3276 omnium
654 3209 823 3275 hominum
844 3209 879 3272 in
902 3229 966 3293 eos,
988 3209 1044 3291 qui

89 3303 203 3364 tenent
230 3299 351 3364 omnia:
387 3300 576 3365 mutationis
603 3303 713 3364 tamen
744 3319 818 3382 spes
844 3295 948 3380 nulla3
980 3296 1044 3381 sed,

159 3508 212 3588 ΕΡ.
231 3515 275 3576 22,
294 3513 319 3562 3.
338 3511 357 3575 †
375 3523 457 3578 opera
475 3507 522 3577 (W
524 3511 550 3577 .).
569 3523 652 3578 opera
669 3509 765 3562 costra
783 3505 849 3575 (W.)
869 3507 919 3560 aut
938 3505 1044 3580 [opera]

91 3579 381 3717 &titilius
869 3669 885 3716 ⁶
