2484 3974
240 237 306 302 312
524 239 561 292 Μ.
581 237 705 294 TULLII
721 237 912 296 CICERONIS

208 383 373 448 auratum
396 404 430 449 se
449 405 470 448 a
487 404 538 448 me
561 386 663 468 putet.
703 381 795 460 Quod
816 388 924 450 eutem
948 386 1074 470 suades,
1095 391 1133 453 ut
1154 387 1188 452 sb

236 475 415 573 eotpetem,
437 474 475 574 ut
496 471 766 576 mihitconcnedut,
786 473 927 575 ut'idem
944 475 1088 577 tritonum
1103 475 1188 540 Pom·

234 559 1189 738 idddlligcddodxliptietrlisbilidllliietldpnpdiei,ldddffndldxeffidid

235 736 296 801 tibi
319 736 405 820 misi3
432 736 506 801 misi
536 736 634 802 etiem
656 734 802 810 Caesaris
829 739 871 802 ad
897 759 953 804 eos
980 760 1062 804 suna
1089 745 1188 806 mente

236 825 382 911 scriptos,
405 823 566 909 quomodo
589 826 625 890 in
637 827 732 890 tento
746 825 883 891 insanis.
911 825 969 892 Sin
982 827 1064 893 mihi
1078 827 1188 894 Ooesor

234 912 298 979 hoc
319 934 388 979 non
410 913 575 999 concedet,
596 912 689 979 video
703 914 764 979 tibi
786 916 913 998 placere
925 914 1016 1000 illud,
1039 938 1091 982 me
1104 919 1188 982 uoli-

234 1024 337 1086 τευμα
369 1002 408 1067 de
439 1022 519 1086 pecs
551 1002 726 1088 suscipere,
760 1002 796 1068 in
828 1025 891 1088 quo
923 1024 992 1069 non
1023 1005 1187 1070 extimesco

234 1091 412 1175 periculum
435 1127 478 1138 -
502 1112 601 1175 quum
624 1091 710 1156 enim
731 1094 783 1156 tot
804 1091 1026 1177 impendeant,
1049 1114 1108 1158 cur
1128 1114 1188 1159 non

234 1178 463 1245 honestissimo
495 1179 653 1264 depecisci
684 1179 802 1245 velim?
824 1215 877 1265 -,
908 1181 965 1246 sed
996 1201 1124 1268 vereor,
1151 1201 1188 1246 ne

233 1266 389 1351 Pompeio
413 1267 490 1352 quid
513 1267 620 1333 oneris
642 1267 824 1353 imponam,

314 1386 360 1477 μή
382 1413 440 1476 μοι
462 1394 620 1476 γοργείην
641 1387 791 1476 κεφαλὴν
814 1392 939 1458 δεινοῖο
962 1390 1118 1481 πελώρου

234 1515 433 1600 intorqueot3
451 1515 633 1581 mirandum
646 1516 733 1581 enim
747 1516 783 1582 in
796 1517 928 1583 modum
941 1515 1072 1584 Gnaeus
1085 1522 1187 1585 noster

235 1601 361 1668 Sullani
391 1605 485 1690 regni
517 1604 759 1670 similitudinem
785 1605 984 1691 concupivit:
1017 1603 1115 1684 εἰδώς
1140 1623 1186 1672 σοι

235 1689 333 1775 λέγω·
356 1692 438 1757 nihil
455 1693 515 1771 ¹ille
538 1714 691 1778 umquem
714 1693 821 1760 minus
835 1694 970 1760 obscure
981 1695 1069 1760 tulit
1094 1693 1186 1780 „Cum

234 1778 350 1846 hocine
364 1779 491 1866 igitur,“
504 1781 639 1867 inquies,
651 1803 739 1867 „esse
748 1780 838 1848 vis?“
857 1781 1056 1848 Beneficium
1070 1805 1185 1868 sequor,

235 1868 317 1933 mihi
339 1869 440 1954 crede,
462 1891 529 1935 non
553 1891 699 1955 causam,
719 1872 741 1950 †
761 1874 799 1936 ut
820 1871 855 1936 in
877 1870 999 1937 Milone
1021 1875 1061 1938 ut
1081 1872 1117 1938 in
1137 1870 1186 1936 sed

208 1956 402 2023 ‘hactenus
423 1955 548 2044 „Oeuse
556 1959 656 2044 igitur
665 1980 734 2024 non
741 1957 928 2026 bonsest‘l“
948 1958 1053 2026 Immo
1063 1959 1185 2044 optime,

236 2046 292 2112 sed
306 2049 429 2132 agetur,
451 2049 622 2132 memento,
643 2046 836 2112 foedissime.
867 2047 1011 2114 Primum
1025 2048 1185 2114 consilium

235 2138 285 2200 est
307 2135 463 2202 suffocare
485 2136 598 2201 urbem
626 2138 659 2201 et
679 2135 810 2200 Italiam
831 2136 932 2222 farne,
958 2136 1074 2203 deinde
1097 2157 1185 2222 egros

235 2227 376 2310 vestare,
402 2245 508 2308 urere,
533 2223 679 2308 pecuniis
701 2225 910 2310 locupletium
931 2245 995 2290 soon
1017 2225 1183 2304 abstinere

210 2322 212 2327 ’
236 2311 323 2399 sed„
337 2334 436 2396 quum
459 2311 570 2377 eedem
599 2315 741 2378 metuam
764 2313 805 2377 ab
833 2312 895 2380 hec
922 2315 1028 2398 perte,
1058 2314 1088 2379 si
1112 2314 1184 2378 illim

235 2399 425 2466 beneficium
447 2422 515 2468 non
538 2400 590 2485 sit,
612 2400 729 2466 rectius
752 2404 863 2485 putem
877 2401 1003 2486 quidvis
1023 2401 1111 2467 domi
1123 2421 1183 2486 per·

235 2487 318 2571 peti,
340 2489 397 2554 sed
418 2489 465 2554 ita
487 2489 640 2554 meruisse
662 2489 754 2554 illum
777 2489 816 2554 de
839 2511 890 2555 me
911 2492 1001 2576 puto,
1023 2493 1061 2555 nt
1082 2484 1184 2575 ἀχαρι-

237 2577 328 2652 στίας
350 2576 472 2642 crimen
495 2577 601 2642 subire
624 2598 693 2643 non
722 2577 871 2663 sudeam,
902 2599 1097 2663 quemquern
1119 2580 1184 2644 etc

208 2663 305 2728 seius
337 2686 464 2750 quoque
493 2665 541 2731 rei
567 2665 653 2731 iuste
680 2664 824 2732 defensio
851 2670 903 2732 est
934 2666 1100 2750 explicatu
1141 2664 1184 2730 Ile

236 2751 401 2837 triumpho
424 2753 485 2818 tibi
508 2753 676 2838 assentior,
705 2775 801 2837 quem
823 2755 953 2838 quidem
974 2757 1079 2821 totum
1099 2753 1183 2820 focile

236 2844 269 2905 et
290 2840 429 2907 libenter
451 2841 609 2908 obiecero:
642 2842 770 2928 egregie
797 2843 900 2926 probo
922 2844 1005 2926 fore,
1036 2847 1086 2928 ut,
1115 2842 1182 2907 dun

235 2950 406 3016 vagemur,
428 2923 447 2996 ὁ
470 2926 572 3007 πλόος
594 2923 717 3015 ὡραῖος
739 2930 882 3015 obrepet.
926 2929 980 3016 „si
1001 2928 1123 3016 m0d0,“
1142 2930 1182 2994 in·

220 3018 319 3104 uuis,
339 3019 437 3104 ,sctis
450 3019 505 3083 ille
519 3017 581 3084 erit
593 3016 732 3084 firmus.“
759 3017 822 3084 Est
834 3019 956 3085 firmior
968 3019 1076 3104 etism,
1098 3037 1182 3103 quom

305 3225 357 3297 Ep.
377 3233 402 3296 7,
420 3233 445 3284 8.
465 3243 585 3293 comum,
603 3230 622 3294 †
639 3231 672 3282 ul
688 3227 720 3283 io
739 3227 784 3282 Μ.
801 3231 834 3282 ut
850 3227 884 3282 io
900 3227 947 3284 scd
963 3227 988 3283 t.
1009 3227 1084 3297 (W.).
1109 3241 1129 3282 ο,
1146 3224 1181 3296 [ul

234 3299 268 3354 io
286 3298 340 3364 M„
366 3302 399 3353 ut
415 3299 447 3353 iu
464 3327 510 3366 -,
535 3299 582 3354 sed
598 3298 648 3353 too
665 3297 812 3422 md
839 3296 916 3366 (Sch.
933 3299 963 3353 ct
980 3299 1020 3368 B,
1044 3297 1093 3354 sed
1110 3297 1140 3364 ii,
1155 3295 1182 3347 ut

236 3369 295 3442 dh,
318 3369 411 3438 huod?
438 3368 483 3424 An
501 3385 557 3424 non
576 3384 678 3423 nomen
697 3368 792 3437 aliquo
831 3367 934 3438 solum,
953 3371 986 3422 ut
1010 3368 1128 3434 Vatinio,
1143 3381 1180 3446 οξ-

235 3439 313 3507 cidit,
332 3438 381 3493 sed
398 3439 481 3508 pluro¹
498 3439 586 3496 verba
603 3439 692 3508 ipsius
711 3438 861 3506 Ciceronis,
885 3440 919 3492 ut
935 3438 1034 3494 fuerit:
1065 3456 1096 3506 c,
1112 3441 1141 3492 sl
1155 3449 1180 3487 Μ

237 3508 291 3574 M,
313 3513 346 3561 ut
362 3509 395 3562 io
412 3508 458 3542 *³*
472 3509 497 3574 *,
518 3509 564 3564 scd
580 3509 630 3564 too
647 3509 704 3576 (vel
721 3509 796 3577 tuce)
815 3509 841 3564 h.
861 3509 947 3578 (W.)?
979 3537 1013 3550 —
1045 3525 1101 3565 uon
1117 3508 1180 3570 esset,

235 3593 259 3632 r.
273 3581 402 3646 putarer
421 3577 468 3646 (W
470 3580 510 3647 .)t
