2510 3958
268 979 691 1074 srrsromsun
731 979 806 1052 lu
845 979 1110 1056 armona

530 1133 665 1202 LIBER
686 1133 848 1203 NONUS.

649 1435 706 1502 .l.

279 1557 335 1612 Sor.
354 1555 384 1613 in
401 1529 550 1613 Formiano
568 1557 639 1627 prid.
659 1557 755 1614 Nonas
772 1557 890 1614 Martias
908 1573 934 1612 a.
952 1575 979 1616 a
998 1573 1024 1614 c.
1044 1563 1102 1616 tot.
1121 1547 1131 1568 ‘
1244 1519 1245 1586 l

501 1661 633 1718 CICERO
652 1663 786 1718 ATTICO
806 1663 882 1719 SAL.
1244 1695 1245 1790 ,

186 1791 197 1831 ι
278 1770 360 1854 Etsi,
382 1793 482 1856 quum
495 1775 532 1837 tu
544 1771 604 1836 has
620 1771 744 1836 litteras
767 1773 900 1857 legeres
921 1773 1078 1857 putabam
1091 1773 1165 1857 fore,

213 1863 249 1924 ut
272 1860 385 1925 scirem
407 1860 482 1943 iarn,
504 1859 581 1943 quid
602 1859 768 1925 Brundisii
790 1863 898 1925 actum
920 1863 1006 1925 asset
1031 1897 1070 1908 -
1094 1883 1165 1926 nam
1242 1855 1245 1992 1

212 1945 352 2014 Canusio
366 1965 448 2012 vnn.
462 1946 535 2012 Kal.
548 1947 712 2033 profectus
726 1951 797 2012 erat
810 1946 947 2032 Gnaeus,
967 1949 1049 2014 haec
1063 1953 1165 2014 autem
1242 1987 1243 2028 3

213 2037 390 2102 scribebam
422 2035 524 2121 pridie
556 2033 683 2111 Nonas,
714 2053 796 2100 xn11.
829 2035 880 2100 die
911 2041 1086 2122 postquam
1115 2038 1165 2102 ille
1242 2039 1243 2102 ?

213 2123 353 2191 Canusio
386 2127 531 2190 moverat
565 2160 622 2208 -,
651 2140 763 2188 'caman
794 2124 937 2209 angebar
969 2125 1165 2210 singularum

212 2213 365 2279 horarum
401 2212 638 2297 exspectatione
678 2213 881 2296 mirabarque
917 2210 1000 2277 nihil
1037 2214 1166 2278 allatum

213 2323 282 2366 esse
304 2323 346 2366 ne
367 2301 504 2366 rumoris
519 2301 661 2385 quidem3
684 2322 761 2365 nam
783 2304 852 2364 erat
865 2299 983 2365 mirum
997 2301 1166 2368 silentium.

213 2387 275 2454 Sed
307 2388 387 2454 haec
417 2389 555 2454 fortasse
586 2384 797 2453 aebdomada
829 2393 918 2473 sunt,
949 2410 1032 2472 quae
1061 2393 1165 2454 tamen

185 2477 277 2541 aiam
301 2477 444 2541 sciantur
466 2497 595 2542 necesse
618 2481 681 2542 est:
703 2476 783 2541 illud
797 2477 977 2561 molestum,
999 2498 1052 2541 me
1066 2478 1166 2543 adhuc

214 2565 408 2648 investigare
431 2585 499 2630 non
521 2586 630 2650 posse,
661 2565 717 2633 ubi
743 2563 778 2628 P.
801 2563 958 2630 Lentulus
986 2569 1099 2631 noster
1121 2565 1166 2648 sit,

182 2652 269 2717 =ubi
304 2651 480 2736 Domitium
516 2674 635 2738 quaero
672 2656 796 2735 autem,
831 2675 895 2736 quo
931 2651 1057 2718 facilius
1090 2655 1165 2719 scire

211 2741 348 2826 possim,
370 2741 446 2826 quid
470 2741 573 2805 acturi
596 2741 674 2825 sint,
700 2741 819 2805 iturine
842 2740 883 2806 ad
905 2738 1107 2827 Pompeium,
1128 2745 1165 2823 et,

213 2831 240 2894 si
264 2831 353 2914 sunt,
384 2850 448 2912 qua
475 2829 642 2912 quandove
669 2828 746 2894 ituri
774 2829 847 2894 sint.
891 2827 1013 2895 Urbem
1041 2830 1165 2914 quidem

212 2918 277 2984 iam
307 2917 459 2984 refertam
491 2937 561 2982 esse
597 2917 801 3000 optimatium
832 2916 942 3001 audio,
979 2915 1106 2983 Sosium
1136 2920 1165 2981 et

212 3005 354 3091 Lupum,
383 3027 464 3091 quos
486 3003 615 3070 Gnaeus
643 3009 755 3071 noster
777 3009 853 3070 ante
874 3005 1012 3089 putabat
1033 3003 1164 3071 Brundi·

212 3095 297 3160 sium
319 3098 473 3160 venturos
496 3113 565 3158 esse
589 3115 685 3178 quam
708 3113 751 3177 se,
773 3093 823 3158 ius
847 3093 959 3159 dicere.
986 3091 1073 3159 Hinc
1093 3113 1165 3158 vero

212 3184 311 3268 vulgo
343 3183 480 3265 vadunt3
516 3181 613 3247 etiam
644 3179 697 3246 M'.
729 3180 882 3267 Lepidus,
917 3202 1054 3266 quocum
1086 3181 1164 3246 diem
1242 3161 1245 3347 Ι

185 3275 377 3336 aconterere
403 3271 560 3354 solebam,
591 3291 661 3334 oras
688 3270 862 3356 cogitabat.
906 3267 976 3334 Nos
1006 3273 1113 3335 autem
1133 3270 1164 3332 in

212 3357 386 3424 Formiano
409 3358 625 3442 morabamur,
649 3379 712 3443 quo
730 3358 823 3424 citius
838 3357 1034 3442 audiremus;
1057 3354 1163 3423 deinde
1241 3399 1245 3533 ,

356 833 415 924 M.
444 835 663 922 TULLII
689 835 1031 924 CICERONIS

1244 1137 1245 1201 l

1244 1313 1245 1392 l

282 3532 334 3602 Ep.
355 3538 379 3602 l,
398 3539 423 3593 2.
442 3534 603 3604 quandoque
621 3535 656 3604 (β,
675 3532 753 3604 Reg,
772 3535 827 3600 a.)?
