2608 3972
248 260 293 327 ὅθ
529 261 567 319 Μ.
585 259 709 318 ruam
727 259 922 320 CICERONIS

246 404 465 496 reprehendis,
487 409 623 512 scitote
636 403 757 511 Kdeov
777 408 935 510 πιιιὸεέιιν
956 405 1213 509 reprehenderer
1301 435 1302 496 j

247 516 472 654 &ttulit
486 496 940 670 ttulildttlttlr
953 493 1213 650 nllmlmfflllll
1301 567 1302 570 ’

248 695 375 774 suavem
398 674 517 739 atenim
540 675 622 773 ἕσσω
645 669 722 752 ὄψις
742 669 805 758 μὲν
818 666 839 757 ἡ
854 677 887 754 d,
908 667 946 738 τὸ
971 668 1010 738 dl
1032 666 1213 758 ὀρόμενον

247 781 281 863 β,
303 785 336 863 ᾧ,
359 772 488 856 ἀκτῖνες
506 775 543 844 dl
565 781 587 844 d
612 774 668 842 καὶ
691 782 708 842 ’ἑ
739 811 782 824 --
808 777 898 843 rides
929 778 1061 858 †enim
1088 781 1213 862 aetera3

247 887 337 954 nam,
369 868 397 932 si
423 860 494 933 κατ’
521 862 670 932 εἰδώλων
692 860 871 948 ἐμπτώσεις
892 865 1087 949 videremus,
1112 867 1213 932 valde
1301 895 1302 904 ¹

247 956 433 1022 laborarent
455 955 576 1020 εἴδωλα
597 955 633 1019 iu
656 954 831 1040 angustiis,
852 975 941 1020 nune
962 955 1002 1018 fit
1022 954 1127 1039 lepide
1150 954 1213 1020 illa

248 1045 379 1128 ἔκχυσις
391 1044 563 1110 radiorum.
591 1040 706 1108 Cetera
719 1042 747 1106 si
759 1043 1014 1127 reprehenderis,
1035 1064 1104 1108 non
1121 1043 1211 1109 feres

246 1133 392 1217 tacitum,
413 1131 477 1196 nisi
491 1131 609 1216 siquid
623 1131 685 1196 erit
698 1130 863 1215 eiusmodi,
886 1131 972 1216 quod
991 1131 1061 1196 sine
1075 1135 1212 1216 sumptu
1301 1201 1302 1210 ,

221 1221 368 1306 rsonigi
393 1220 506 1304 possit.
550 1218 657 1286 Venio
680 1241 766 1284 nunu
790 1218 831 1283 ad
853 1240 997 1284 mensem
1020 1218 1213 1285 Ianuarium
1301 1267 1302 1278 ,

249 1310 281 1372 et
304 1307 345 1372 ad
367 1301 552 1373 ὑπόστασιν
574 1311 721 1373 nostram
743 1328 780 1372 ae
802 1310 983 1390 πολιτείαν,
1005 1307 1042 1372 in
1056 1328 1120 1392 qua
1133 1311 1211 1373 Σω-

247 1395 409 1480 nemausis
431 1397 478 1472 είς
500 1390 667 1480 ἑκάτερον,
690 1395 746 1460 sed
768 1399 878 1460 tamen
896 1396 937 1461 ad
960 1399 1148 1480 extremum,
1170 1400 1213 1462 ut
1301 1403 1302 1484 l

247 1483 296 1548 illi
319 1484 476 1568 solebant,
497 1477 560 1567 τὴν
582 1477 800 1568 ἀρέσκουσιν.
835 1483 898 1549 Est
917 1505 971 1549 res
994 1505 1072 1550 sane
1094 1485 1212 1570 magni
1301 1485 1302 1570 }

248 1573 387 1638 consilii:
409 1593 486 1638 nam
508 1574 566 1637 aut
587 1572 716 1638 fortiter
727 1573 944 1638 resistendum
958 1575 1008 1638 est
1029 1573 1096 1658 legi
1113 1593 1210 1658 agra-

246 1659 328 1738 riae,
367 1659 403 1726 in
435 1681 498 1745 quo
531 1661 580 1726 est
613 1659 771 1745 quaedam
803 1660 980 1745 dimicatio,
1016 1660 1072 1726 sed
1108 1661 1211 1744 plena
1301 1687 1302 1756 ,

246 1747 367 1832 laudis,
399 1751 457 1815 aut
483 1748 724 1835 quiescendum,
755 1748 841 1833 quod
872 1752 923 1814 est
952 1771 1021 1815 non
1051 1748 1210 1814 dissimile
1301 1777 1302 1836 3

248 1839 345 1921 atque
366 1837 413 1901 ire
435 1837 472 1901 in
494 1835 662 1902 Solonium
690 1840 747 1902 aut
768 1836 918 1921 Antium,
950 1840 1008 1903 aut
1030 1837 1128 1902 etiam
1152 1837 1210 1902 ad·
1301 1847 1302 1896 ι

246 1925 432 2008 iuvandum,
455 1924 541 2009 quod
555 1947 575 1989 a
589 1947 640 1990 me
655 1925 747 1990 aiunt
761 1923 930 1990 Caesarem
944 1925 990 1990 siu
1013 1928 1211 2012 exspectare,
1301 1981 1302 2006 ,

205 2058 207 2063 ·
246 2015 285 2078 ut
313 2034 381 2078 non
408 2013 547 2097 dubitet,
577 2035 655 2078 nam
687 2013 751 2078 fuit
778 2012 863 2099 apud
894 2034 946 2078 me
970 2011 1140 2079 Cornelius
1163 2050 1209 2064 —
1301 2027 1302 2100 l

246 2100 334 2166 hune
357 2101 428 2167 diuo
451 2100 607 2186 Balbum,
639 2098 785 2166 Caesaris
808 2101 1000 2166 familiarem
1022 2123 1078 2165 -r
1106 2102 1135 2166 is
1159 2102 1209 2166 af·
1301 2111 1302 2124 ¹

246 2189 397 2256 firmabat
427 2189 519 2254 illum
551 2189 701 2255 omnibus
728 2189 763 2253 in
790 2189 886 2255 rebus
908 2211 981 2255 meo
1004 2192 1037 2255 et
1058 2187 1210 2274 Pompeii
1301 2245 1302 2252 ,

247 2278 381 2345 consilio
404 2301 538 2344 usurum
561 2277 773 2363 daturumque
796 2298 942 2362 operam,
965 2281 1002 2343 ut
1024 2299 1098 2343 eum
1111 2275 1209 2344 Pom·

246 2367 320 2449 peio
353 2363 505 2430 Crassum
537 2367 755 2452 coniungeret.
799 2364 863 2430 Hie
894 2369 971 2430 sunt
1000 2365 1093 2431 haee:
1130 2387 1209 2432 eon·

246 2451 368 2516 iunctio
391 2451 472 2516 mihi
495 2475 620 2517 summa
642 2475 716 2519 eum
733 2451 897 2538 Pompeio,
920 2452 948 2518 si
969 2454 1085 2538 placet,
1107 2454 1210 2520 etiam

247 2561 320 2603 aum
344 2537 490 2623 Caesare,
512 2539 634 2605 reditus
656 2540 692 2605 in
715 2541 853 2625 gratiam
875 2563 949 2606 eum
970 2541 1120 2626 inimicis,
1141 2565 1209 2626 pax

247 2647 320 2691 eum
334 2626 550 2711 multitudine,
572 2629 747 2693 senectutis
762 2629 876 2713 otium,
900 2630 956 2695 sed
969 2652 1020 2694 me
1034 2629 1209 2708 καινιιλεὶς

247 2735 319 2780 mea
341 2715 398 2780 illa
421 2720 610 2800 commovet,
633 2738 715 2800 quae
738 2719 789 2781 est
809 2717 845 2782 in
858 2717 951 2783 ‘libro
972 2718 1084 2783 tertio:

291 2873 416 2939 interea
439 2895 565 2959 cursus,
587 2898 669 2959 quos
691 2877 796 2978 prima
819 2898 838 2940 a
859 2881 952 2978 parte
974 2877 1146 2980 iuventae·

289 2962 685 3137 {dimittit}
698 2967 820 3117 titi
833 2986 1012 3136 titul?
1028 2968 1207 3120 tilia

131 3192 135 3202 ’
244 3207 325 3272 haee
359 3208 438 3274 mihi
470 3229 569 3292 quum
599 3209 635 3273 in
663 3231 701 3274 eo
728 3211 826 3294 libro,
856 3210 893 3275 in
915 3232 978 3294 quo
1001 3213 1105 3277 multa
1127 3213 1207 3279 sunt

315 3381 367 3450 Ep.
386 3389 412 3450 3,
431 3388 456 3437 2.
474 3398 498 3436 ν.
517 3386 536 3450 †
554 3384 626 3438 euim
643 3387 730 3438 ιιιιννι
749 3383 824 3453 (W.).
842 3399 866 3438 ν.
885 3384 942 3438 iam
960 3400 982 3440 e.
1002 3384 1119 3456 (Gerr.)?
1137 3402 1162 3442 ν.
1182 3403 1205 3444 e.
1301 3413 1302 3428 ι

246 3449 332 3518 (W.)?
387 3459 412 3506 3.
448 3452 597 3515 ιιιιιαιιλιὶς
617 3452 767 3524 (Turneb.).
800 3470 916 3516 κατασις
933 3453 981 3510 Zb.
1000 3459 1019 3522 †
1036 3473 1207 3526 κατακρεσις

244 3517 312 3574 ΜΒ.
349 3521 445 3586 „Hiar
462 3517 639 3593 καιόνρισις,
657 3523 736 3580 illine
753 3519 925 3594 παλλιόπης“
941 3541 1040 3598 margo
1058 3526 1096 3583 Μ.
1118 3522 1206 3582 κατά-

246 3605 335 3658 ιιρισις
352 3589 385 3645 R.
404 3591 481 3658 pecu
499 3591 541 3651 cd
559 3592 670 3648 Mureti.
