<?xml version="1.0" encoding="UTF-8"?>
<!DOCTYPE html PUBLIC "-//W3C//DTD XHTML 1.0 Transitional//EN"
    "http://www.w3.org/TR/xhtml1/DTD/xhtml1-transitional.dtd">
<html xmlns="http://www.w3.org/1999/xhtml" xml:lang="en" lang="en">
 <head>
  <title>
</title>
<meta http-equiv="Content-Type" content="text/html;charset=utf-8" />
  <meta name='ocr-system' content='tesseract 3.04.00' />
  <meta name='ocr-capabilities' content='ocr_page ocr_carea ocr_par ocr_line ocrx_word'/>
</head>
<body>
  <div class='ocr_page' id='page_1' title='image "./epistolae01wesegoog_0646.png"; bbox 0 0 2570 3974; ppageno 0'>
   <div class='ocr_carea' id='block_1_1' title="bbox 175 213 911 296">
    <p class='ocr_par' dir='ltr' id='par_1_1' title="bbox 175 213 911 296">
     <span class='ocr_line' id='line_1_1' title="bbox 175 213 911 296; baseline 0.007 -16"><span class='ocrx_word' id='word_1_1' title='bbox 175 272 179 280; x_wconf 91' lang='lat'><em>.</em></span> <span class='ocrx_word' id='word_1_2' title='bbox 234 231 301 296; x_wconf 67' lang='lat'><strong>336</strong></span> <span class='ocrx_word' id='word_1_3' title='bbox 521 229 559 286; x_wconf 84' lang='lat' dir='ltr'><strong>n.</strong></span> <span class='ocrx_word' id='word_1_4' title='bbox 578 213 702 284; x_wconf 80' lang='lat' dir='ltr'><strong>uuuuu</strong></span> <span class='ocrx_word' id='word_1_5' title='bbox 720 227 911 285; x_wconf 77' lang='lat' dir='ltr'><strong>uouucms</strong></span> 
     </span>
    </p>
   </div>
   <div class='ocr_carea' id='block_1_2' title="bbox 206 373 1198 3020">
    <p class='ocr_par' dir='ltr' id='par_1_2' title="bbox 206 373 1198 3020">
     <span class='ocr_line' id='line_1_2' title="bbox 232 373 1198 458; baseline 0.002 -18"><span class='ocrx_word' id='word_1_6' title='bbox 232 375 340 440; x_wconf 86' lang='lat' dir='ltr'><strong>locum</strong></span> <span class='ocrx_word' id='word_1_7' title='bbox 370 373 484 458; x_wconf 90' lang='lat' dir='ltr'><strong>reponi</strong></span> <span class='ocrx_word' id='word_1_8' title='bbox 515 376 693 458; x_wconf 81' lang='lat' dir='ltr'><strong>pateretur,</strong></span> <span class='ocrx_word' id='word_1_9' title='bbox 724 393 767 438; x_wconf 89' lang='lat' dir='ltr'><strong>au</strong></span> <span class='ocrx_word' id='word_1_10' title='bbox 794 377 833 438; x_wconf 90' lang='lat' dir='ltr'><strong>ut</strong></span> <span class='ocrx_word' id='word_1_11' title='bbox 860 377 945 439; x_wconf 79' lang='lat' dir='ltr'><strong>esset</strong></span> <span class='ocrx_word' id='word_1_12' title='bbox 973 375 1023 440; x_wconf 88' lang='lat' dir='ltr'><strong>sui</strong></span> <span class='ocrx_word' id='word_1_13' title='bbox 1049 375 1131 440; x_wconf 85' lang='lat' dir='ltr'><strong>iuris</strong></span> <span class='ocrx_word' id='word_1_14' title='bbox 1161 397 1198 442; x_wconf 84' lang='lat' dir='ltr'><strong>ac</strong></span> 
     </span>
     <span class='ocr_line' id='line_1_3' title="bbox 227 461 1198 549; baseline 0.002 -21"><span class='ocrx_word' id='word_1_15' title='bbox 227 462 387 546; x_wconf 78' lang='lat' dir='ltr'><strong>mancipii</strong></span> <span class='ocrx_word' id='word_1_16' title='bbox 408 483 460 527; x_wconf 87' lang='lat' dir='ltr'><strong>res</strong></span> <span class='ocrx_word' id='word_1_17' title='bbox 483 462 634 546; x_wconf 79' lang='lat' dir='ltr'><strong>publica?</strong></span> <span class='ocrx_word' id='word_1_18' title='bbox 670 463 733 527; x_wconf 87' lang='lat' dir='ltr'><strong>uisi</strong></span> <span class='ocrx_word' id='word_1_19' title='bbox 760 461 845 528; x_wconf 83' lang='lat' dir='ltr'><strong>forte</strong></span> <span class='ocrx_word' id='word_1_20' title='bbox 873 484 940 528; x_wconf 91' lang='lat' dir='ltr'><strong>nou</strong></span> <span class='ocrx_word' id='word_1_21' title='bbox 969 463 1009 527; x_wconf 90' lang='lat' dir='ltr'><strong>de</strong></span> <span class='ocrx_word' id='word_1_22' title='bbox 1032 465 1198 549; x_wconf 85' lang='lat' dir='ltr'><strong>servitute,</strong></span> 
     </span>
     <span class='ocr_line' id='line_1_4' title="bbox 234 550 1198 618; baseline 0.002 -2"><span class='ocrx_word' id='word_1_23' title='bbox 234 551 290 616; x_wconf 85' lang='lat' dir='ltr'><strong>sed</strong></span> <span class='ocrx_word' id='word_1_24' title='bbox 313 551 353 615; x_wconf 88' lang='lat' dir='ltr'><strong>de</strong></span> <span class='ocrx_word' id='word_1_25' title='bbox 375 551 564 616; x_wconf 88' lang='lat' dir='ltr'><strong>condicione</strong></span> <span class='ocrx_word' id='word_1_26' title='bbox 586 550 745 616; x_wconf 82' lang='lat' dir='ltr'><strong>serviendi</strong></span> <span class='ocrx_word' id='word_1_27' title='bbox 768 554 952 616; x_wconf 89' lang='lat' dir='ltr'><strong>recusatum</strong></span> <span class='ocrx_word' id='word_1_28' title='bbox 975 555 1026 616; x_wconf 83' lang='lat' dir='ltr'><strong>est</strong></span> <span class='ocrx_word' id='word_1_29' title='bbox 1044 573 1065 616; x_wconf 84' lang='lat' dir='ltr'><strong>a</strong></span> <span class='ocrx_word' id='word_1_30' title='bbox 1087 553 1198 618; x_wconf 88' lang='lat' dir='ltr'><strong>nobis:</strong></span> 
     </span>
     <span class='ocr_line' id='line_1_5' title="bbox 234 638 1197 723; baseline 0.003 -19"><span class='ocrx_word' id='word_1_31' title='bbox 234 639 324 722; x_wconf 86' lang='lat' dir='ltr'><strong>atqui</strong></span> <span class='ocrx_word' id='word_1_32' title='bbox 350 659 419 705; x_wconf 91' lang='lat' dir='ltr'><strong>nou</strong></span> <span class='ocrx_word' id='word_1_33' title='bbox 446 640 551 704; x_wconf 89' lang='lat' dir='ltr'><strong>solum</strong></span> <span class='ocrx_word' id='word_1_34' title='bbox 577 639 678 704; x_wconf 70' lang='lat' dir='ltr'><strong>bouo&#39;</strong></span> <span class='ocrx_word' id='word_1_35' title='bbox 698 639 829 706; x_wconf 87' lang='lat' dir='ltr'><strong>domiuo</strong></span> <span class='ocrx_word' id='word_1_36' title='bbox 855 639 1021 723; x_wconf 87' lang='lat' dir='ltr'><strong>potuimus</strong></span> <span class='ocrx_word' id='word_1_37' title='bbox 1050 638 1197 707; x_wconf 83' lang='lat' dir='ltr'><strong>Antonio</strong></span> 
     </span>
     <span class='ocr_line' id='line_1_6' title="bbox 232 727 1197 812; baseline 0.002 -20"><span class='ocrx_word' id='word_1_38' title='bbox 232 728 371 792; x_wconf 85' lang='lat' dir='ltr'><strong>tolerare</strong></span> <span class='ocrx_word' id='word_1_39' title='bbox 392 731 540 794; x_wconf 86' lang='lat' dir='ltr'><strong>nostram</strong></span> <span class='ocrx_word' id='word_1_40' title='bbox 562 727 738 812; x_wconf 85' lang='lat' dir='ltr'><strong>fortunam,</strong></span> <span class='ocrx_word' id='word_1_41' title='bbox 761 727 817 792; x_wconf 90' lang='lat' dir='ltr'><strong>sed</strong></span> <span class='ocrx_word' id='word_1_42' title='bbox 840 727 938 792; x_wconf 87' lang='lat' dir='ltr'><strong>etiam</strong></span> <span class='ocrx_word' id='word_1_43' title='bbox 960 728 1128 793; x_wconf 88' lang='lat' dir='ltr'><strong>beneficiis</strong></span> <span class='ocrx_word' id='word_1_44' title='bbox 1152 733 1197 794; x_wconf 78' lang='lat' dir='ltr'><strong>at</strong></span> 
     </span>
     <span class='ocr_line' id='line_1_7' title="bbox 234 815 1197 900; baseline 0.003 -21"><span class='ocrx_word' id='word_1_45' title='bbox 234 836 296 899; x_wconf 91' lang='lat' dir='ltr'><strong>que</strong></span> <span class='ocrx_word' id='word_1_46' title='bbox 318 815 496 882; x_wconf 82' lang='lat' dir='ltr'>honoribus</span> <span class='ocrx_word' id='word_1_47' title='bbox 518 819 556 880; x_wconf 89' lang='lat' dir='ltr'><strong>ut</strong></span> <span class='ocrx_word' id='word_1_48' title='bbox 577 816 750 900; x_wconf 78' lang='lat' dir='ltr'>participes</span> <span class='ocrx_word' id='word_1_49' title='bbox 771 815 855 900; x_wconf 81' lang='lat' dir='ltr'><strong>frui,</strong></span> <span class='ocrx_word' id='word_1_50' title='bbox 878 817 1010 900; x_wconf 88' lang='lat' dir='ltr'><strong>quantis</strong></span> <span class='ocrx_word' id='word_1_51' title='bbox 1032 817 1197 900; x_wconf 80' lang='lat' dir='ltr'>vellemus,</span> 
     </span>
     <span class='ocr_line' id='line_1_8' title="bbox 233 903 1197 990; baseline 0.003 -22"><span class='ocrx_word' id='word_1_52' title='bbox 233 903 310 988; x_wconf 89' lang='lat' dir='ltr'><strong>quid</strong></span> <span class='ocrx_word' id='word_1_53' title='bbox 334 905 421 969; x_wconf 89' lang='lat' dir='ltr'><strong>euim</strong></span> <span class='ocrx_word' id='word_1_54' title='bbox 443 907 581 990; x_wconf 82' lang='lat' dir='ltr'><strong>negaret</strong></span> <span class='ocrx_word' id='word_1_55' title='bbox 600 904 655 988; x_wconf 83' lang='lat' dir='ltr'><strong>iis,</strong></span> <span class='ocrx_word' id='word_1_56' title='bbox 686 925 823 988; x_wconf 89' lang='lat' dir='ltr'><strong>quorum</strong></span> <span class='ocrx_word' id='word_1_57' title='bbox 852 905 1046 988; x_wconf 81' lang='lat' dir='ltr'><strong>patientiam</strong></span> <span class='ocrx_word' id='word_1_58' title='bbox 1074 905 1197 971; x_wconf 81' lang='lat' dir='ltr'><strong>videret</strong></span> 
     </span>
     <span class='ocr_line' id='line_1_9' title="bbox 232 991 1197 1076; baseline 0.003 -20"><span class='ocrx_word' id='word_1_59' title='bbox 232 991 408 1056; x_wconf 86' lang='lat' dir='ltr'><strong>maximum</strong></span> <span class='ocrx_word' id='word_1_60' title='bbox 430 991 660 1058; x_wconf 90' lang='lat' dir='ltr'><strong>dominationis</strong></span> <span class='ocrx_word' id='word_1_61' title='bbox 688 1013 765 1056; x_wconf 87' lang='lat' dir='ltr'><strong>suae</strong></span> <span class='ocrx_word' id='word_1_62' title='bbox 791 991 988 1076; x_wconf 87' lang='lat' dir='ltr'><strong>praesidium</strong></span> <span class='ocrx_word' id='word_1_63' title='bbox 1016 993 1111 1058; x_wconf 82' lang='lat' dir='ltr'><strong>esse?</strong></span> <span class='ocrx_word' id='word_1_64' title='bbox 1143 995 1197 1059; x_wconf 87' lang='lat' dir='ltr'><strong>sed</strong></span> 
     </span>
     <span class='ocr_line' id='line_1_10' title="bbox 232 1080 1196 1164; baseline 0.002 -20"><span class='ocrx_word' id='word_1_65' title='bbox 232 1080 315 1144; x_wconf 86' lang='lat' dir='ltr'><strong>nihil</strong></span> <span class='ocrx_word' id='word_1_66' title='bbox 337 1080 422 1144; x_wconf 87' lang='lat' dir='ltr'><strong>tanti</strong></span> <span class='ocrx_word' id='word_1_67' title='bbox 444 1080 522 1164; x_wconf 85' lang='lat' dir='ltr'><strong>fuit,</strong></span> <span class='ocrx_word' id='word_1_68' title='bbox 549 1101 613 1164; x_wconf 90' lang='lat' dir='ltr'><strong>quo</strong></span> <span class='ocrx_word' id='word_1_69' title='bbox 641 1081 852 1145; x_wconf 77' lang='lat' dir='ltr'><strong>venderemus</strong></span> <span class='ocrx_word' id='word_1_70' title='bbox 873 1081 970 1146; x_wconf 88' lang='lat' dir='ltr'><strong>fidem</strong></span> <span class='ocrx_word' id='word_1_71' title='bbox 992 1085 1143 1146; x_wconf 88' lang='lat' dir='ltr'><strong>nostram</strong></span> <span class='ocrx_word' id='word_1_72' title='bbox 1165 1087 1196 1146; x_wconf 80' lang='lat' dir='ltr'><strong>et</strong></span> 
     </span>
     <span class='ocr_line' id='line_1_11' title="bbox 206 1167 1195 1253; baseline 0.01 -27"><span class='ocrx_word' id='word_1_73' title='bbox 206 1168 425 1234; x_wconf 80' lang='lat' dir='ltr'><strong>alibertatem.</strong></span> <span class='ocrx_word' id='word_1_74' title='bbox 469 1167 532 1233; x_wconf 90' lang='lat' dir='ltr'><strong>Hic</strong></span> <span class='ocrx_word' id='word_1_75' title='bbox 558 1169 628 1252; x_wconf 87' lang='lat' dir='ltr'><strong>ipse</strong></span> <span class='ocrx_word' id='word_1_76' title='bbox 655 1189 749 1253; x_wconf 84' lang='lat' dir='ltr'><strong>puer,</strong></span> <span class='ocrx_word' id='word_1_77' title='bbox 780 1190 875 1253; x_wconf 90' lang='lat' dir='ltr'><strong>quem</strong></span> <span class='ocrx_word' id='word_1_78' title='bbox 899 1167 1047 1235; x_wconf 75' lang='lat' dir='ltr'><strong>Caesaris</strong></span> <span class='ocrx_word' id='word_1_79' title='bbox 1076 1192 1195 1236; x_wconf 89' lang='lat' dir='ltr'><strong>nomeu</strong></span> 
     </span>
     <span class='ocr_line' id='line_1_12' title="bbox 232 1253 1195 1343; baseline 0.004 -23"><span class='ocrx_word' id='word_1_80' title='bbox 232 1257 367 1322; x_wconf 88' lang='lat' dir='ltr'><strong>incitare</strong></span> <span class='ocrx_word' id='word_1_81' title='bbox 398 1256 526 1322; x_wconf 87' lang='lat' dir='ltr'><strong>videtur</strong></span> <span class='ocrx_word' id='word_1_82' title='bbox 561 1257 596 1321; x_wconf 93' lang='lat' dir='ltr'><strong>in</strong></span> <span class='ocrx_word' id='word_1_83' title='bbox 628 1253 775 1322; x_wconf 73' lang='lat' dir='ltr'>Caesaris</span> <span class='ocrx_word' id='word_1_84' title='bbox 806 1257 1045 1342; x_wconf 82' lang='lat' dir='ltr'><strong>interfectores,</strong></span> <span class='ocrx_word' id='word_1_85' title='bbox 1082 1260 1195 1343; x_wconf 82' lang='lat' dir='ltr'><strong>quanti</strong></span> 
     </span>
     <span class='ocr_line' id='line_1_13' title="bbox 233 1345 1194 1430; baseline 0.002 -21"><span class='ocrx_word' id='word_1_86' title='bbox 233 1345 390 1430; x_wconf 87' lang='lat' dir='ltr'><strong>aestimet,</strong></span> <span class='ocrx_word' id='word_1_87' title='bbox 400 1345 441 1410; x_wconf 81' lang='lat' dir='ltr'><strong>&#39;si</strong></span> <span class='ocrx_word' id='word_1_88' title='bbox 454 1346 498 1410; x_wconf 86' lang='lat' dir='ltr'><strong>sit</strong></span> <span class='ocrx_word' id='word_1_89' title='bbox 511 1346 702 1411; x_wconf 89' lang='lat' dir='ltr'><strong>commercio</strong></span> <span class='ocrx_word' id='word_1_90' title='bbox 715 1347 814 1430; x_wconf 88' lang='lat' dir='ltr'><strong>locus,</strong></span> <span class='ocrx_word' id='word_1_91' title='bbox 835 1367 931 1430; x_wconf 90' lang='lat' dir='ltr'><strong>posse</strong></span> <span class='ocrx_word' id='word_1_92' title='bbox 947 1347 1043 1412; x_wconf 90' lang='lat' dir='ltr'><strong>uobis</strong></span> <span class='ocrx_word' id='word_1_93' title='bbox 1057 1348 1194 1413; x_wconf 86' lang='lat' dir='ltr'><strong>auctori·</strong></span> 
     </span>
     <span class='ocr_line' id='line_1_14' title="bbox 233 1433 1194 1519; baseline 0.003 -22"><span class='ocrx_word' id='word_1_94' title='bbox 233 1433 293 1498; x_wconf 90' lang='lat' dir='ltr'><strong>bus</strong></span> <span class='ocrx_word' id='word_1_95' title='bbox 325 1436 468 1517; x_wconf 89' lang='lat' dir='ltr'><strong>tautum,</strong></span> <span class='ocrx_word' id='word_1_96' title='bbox 499 1437 656 1518; x_wconf 88' lang='lat' dir='ltr'><strong>quantum</strong></span> <span class='ocrx_word' id='word_1_97' title='bbox 692 1434 839 1518; x_wconf 85' lang='lat' dir='ltr'><strong>profecto</strong></span> <span class='ocrx_word' id='word_1_98' title='bbox 875 1435 1009 1519; x_wconf 87' lang='lat' dir='ltr'><strong>poterit,</strong></span> <span class='ocrx_word' id='word_1_99' title='bbox 1041 1437 1194 1519; x_wconf 86' lang='lat' dir='ltr'><strong>quoniam</strong></span> 
     </span>
     <span class='ocr_line' id='line_1_15' title="bbox 233 1521 1193 1606; baseline 0.002 -20"><span class='ocrx_word' id='word_1_100' title='bbox 233 1522 339 1586; x_wconf 71' lang='lat' dir='ltr'><strong>uvore</strong></span> <span class='ocrx_word' id='word_1_101' title='bbox 362 1526 396 1587; x_wconf 89' lang='lat' dir='ltr'><strong>ot</strong></span> <span class='ocrx_word' id='word_1_102' title='bbox 421 1522 575 1606; x_wconf 75' lang='lat' dir='ltr'><strong>pecunias</strong></span> <span class='ocrx_word' id='word_1_103' title='bbox 601 1521 720 1587; x_wconf 79' lang='lat' dir='ltr'><strong>hahere</strong></span> <span class='ocrx_word' id='word_1_104' title='bbox 748 1526 782 1586; x_wconf 88' lang='lat' dir='ltr'><strong>ot</strong></span> <span class='ocrx_word' id='word_1_105' title='bbox 803 1522 866 1586; x_wconf 91' lang='lat' dir='ltr'><strong>dici</strong></span> <span class='ocrx_word' id='word_1_106' title='bbox 896 1524 1084 1588; x_wconf 88' lang='lat' dir='ltr'><strong>consulares</strong></span> <span class='ocrx_word' id='word_1_107' title='bbox 1106 1525 1193 1588; x_wconf 84' lang='lat' dir='ltr'><strong>rolu-</strong></span> 
     </span>
     <span class='ocr_line' id='line_1_16' title="bbox 233 1607 1192 1696; baseline 0.003 -23"><span class='ocrx_word' id='word_1_108' title='bbox 233 1611 317 1674; x_wconf 88' lang='lat' dir='ltr'><strong>mus!</strong></span> <span class='ocrx_word' id='word_1_109' title='bbox 363 1607 514 1676; x_wconf 77' lang='lat' dir='ltr'><strong>Ceterum</strong></span> <span class='ocrx_word' id='word_1_110' title='bbox 536 1610 754 1694; x_wconf 76' lang='lat' dir='ltr'><strong>nequidquam</strong></span> <span class='ocrx_word' id='word_1_111' title='bbox 776 1611 908 1695; x_wconf 87' lang='lat' dir='ltr'><strong>perierit</strong></span> <span class='ocrx_word' id='word_1_112' title='bbox 928 1611 998 1696; x_wconf 89' lang='lat' dir='ltr'><strong>ille,</strong></span> <span class='ocrx_word' id='word_1_113' title='bbox 1027 1613 1120 1676; x_wconf 86' lang='lat' dir='ltr'><strong>ouius</strong></span> <span class='ocrx_word' id='word_1_114' title='bbox 1148 1614 1192 1676; x_wconf 92' lang='lat' dir='ltr'><strong>iu-</strong></span> 
     </span>
     <span class='ocr_line' id='line_1_17' title="bbox 232 1697 1193 1784; baseline 0.006 -25"><span class='ocrx_word' id='word_1_115' title='bbox 232 1697 331 1761; x_wconf 89' lang='lat' dir='ltr'><strong>teritu</strong></span> <span class='ocrx_word' id='word_1_116' title='bbox 358 1697 435 1782; x_wconf 89' lang='lat' dir='ltr'><strong>quid</strong></span> <span class='ocrx_word' id='word_1_117' title='bbox 462 1699 566 1782; x_wconf 78' lang='lat' dir='ltr'><strong>gavisi</strong></span> <span class='ocrx_word' id='word_1_118' title='bbox 592 1720 716 1784; x_wconf 89' lang='lat' dir='ltr'><strong>sumus,</strong></span> <span class='ocrx_word' id='word_1_119' title='bbox 747 1699 777 1763; x_wconf 56' lang='lat' dir='ltr'><strong>si,</strong></span> <span class='ocrx_word' id='word_1_120' title='bbox 803 1703 932 1764; x_wconf 89' lang='lat' dir='ltr'><strong>mortuo</strong></span> <span class='ocrx_word' id='word_1_121' title='bbox 959 1700 1064 1774; x_wconf 87' lang='lat' dir='ltr'><strong>nihilo</strong></span> <span class='ocrx_word' id='word_1_122' title='bbox 1087 1701 1193 1765; x_wconf 88' lang='lat' dir='ltr'><strong>minus</strong></span> 
     </span>
     <span class='ocr_line' id='line_1_18' title="bbox 233 1785 1193 1874; baseline 0.005 -26"><span class='ocrx_word' id='word_1_123' title='bbox 233 1785 383 1849; x_wconf 84' lang='lat' dir='ltr'><strong>servituri</strong></span> <span class='ocrx_word' id='word_1_124' title='bbox 414 1785 563 1850; x_wconf 81' lang='lat' dir='ltr'><strong>eramus?</strong></span> <span class='ocrx_word' id='word_1_125' title='bbox 607 1785 707 1851; x_wconf 86' lang='lat' dir='ltr'><strong>Nulla</strong></span> <span class='ocrx_word' id='word_1_126' title='bbox 739 1808 816 1852; x_wconf 90' lang='lat' dir='ltr'><strong>cura</strong></span> <span class='ocrx_word' id='word_1_127' title='bbox 843 1788 884 1852; x_wconf 91' lang='lat' dir='ltr'><strong>ab</strong></span> <span class='ocrx_word' id='word_1_128' title='bbox 913 1788 984 1852; x_wconf 88' lang='lat' dir='ltr'><strong>aliis</strong></span> <span class='ocrx_word' id='word_1_129' title='bbox 1015 1789 1193 1874; x_wconf 81' lang='lat' dir='ltr'><strong>adhibetur,</strong></span> 
     </span>
     <span class='ocr_line' id='line_1_19' title="bbox 234 1872 1192 1961; baseline 0.006 -25"><span class='ocrx_word' id='word_1_130' title='bbox 234 1872 289 1936; x_wconf 84' lang='lat' dir='ltr'><strong>sed</strong></span> <span class='ocrx_word' id='word_1_131' title='bbox 312 1873 391 1938; x_wconf 91' lang='lat' dir='ltr'><strong>mihi</strong></span> <span class='ocrx_word' id='word_1_132' title='bbox 419 1874 509 1957; x_wconf 86' lang='lat' dir='ltr'><strong>prius</strong></span> <span class='ocrx_word' id='word_1_133' title='bbox 538 1875 648 1940; x_wconf 89' lang='lat' dir='ltr'><strong>omnia</strong></span> <span class='ocrx_word' id='word_1_134' title='bbox 670 1875 702 1940; x_wconf 89' lang='lat' dir='ltr'><strong>di</strong></span> <span class='ocrx_word' id='word_1_135' title='bbox 725 1875 866 1961; x_wconf 85' lang='lat' dir='ltr'><strong>deaeque</strong></span> <span class='ocrx_word' id='word_1_136' title='bbox 893 1877 1072 1960; x_wconf 77' lang='lat' dir='ltr'><strong>eripuerint</strong></span> <span class='ocrx_word' id='word_1_137' title='bbox 1098 1899 1192 1961; x_wconf 88' lang='lat' dir='ltr'><strong>quam</strong></span> 
     </span>
     <span class='ocr_line' id='line_1_20' title="bbox 233 1960 1192 2050; baseline 0.007 -26"><span class='ocrx_word' id='word_1_138' title='bbox 233 1960 313 2026; x_wconf 90' lang='lat' dir='ltr'><strong>illud</strong></span> <span class='ocrx_word' id='word_1_139' title='bbox 339 1961 506 2047; x_wconf 90' lang='lat' dir='ltr'><strong>iudicium,</strong></span> <span class='ocrx_word' id='word_1_140' title='bbox 537 1985 601 2048; x_wconf 90' lang='lat' dir='ltr'><strong>quo</strong></span> <span class='ocrx_word' id='word_1_141' title='bbox 628 1984 696 2028; x_wconf 89' lang='lat' dir='ltr'><strong>non</strong></span> <span class='ocrx_word' id='word_1_142' title='bbox 722 1964 819 2039; x_wconf 88' lang='lat' dir='ltr'><strong>modo</strong></span> <span class='ocrx_word' id='word_1_143' title='bbox 845 1965 957 2030; x_wconf 89' lang='lat' dir='ltr'><strong>heredi</strong></span> <span class='ocrx_word' id='word_1_144' title='bbox 985 1965 1068 2050; x_wconf 85' lang='lat' dir='ltr'><strong>eius,</strong></span> <span class='ocrx_word' id='word_1_145' title='bbox 1100 1987 1192 2050; x_wconf 88' lang='lat' dir='ltr'><strong>quem</strong></span> 
     </span>
     <span class='ocr_line' id='line_1_21' title="bbox 234 2049 1192 2139; baseline 0.005 -24"><span class='ocrx_word' id='word_1_146' title='bbox 234 2049 344 2134; x_wconf 79' lang='lat' dir='ltr'><strong>occidi,</strong></span> <span class='ocrx_word' id='word_1_147' title='bbox 365 2071 433 2116; x_wconf 89' lang='lat' dir='ltr'><strong>nou</strong></span> <span class='ocrx_word' id='word_1_148' title='bbox 456 2052 682 2137; x_wconf 86' lang='lat' dir='ltr'><strong>concesserim,</strong></span> <span class='ocrx_word' id='word_1_149' title='bbox 703 2052 790 2137; x_wconf 89' lang='lat' dir='ltr'><strong>quod</strong></span> <span class='ocrx_word' id='word_1_150' title='bbox 812 2053 848 2118; x_wconf 91' lang='lat' dir='ltr'><strong>in</strong></span> <span class='ocrx_word' id='word_1_151' title='bbox 870 2053 937 2118; x_wconf 92' lang='lat' dir='ltr'><strong>illo·</strong></span> <span class='ocrx_word' id='word_1_152' title='bbox 950 2074 1018 2118; x_wconf 89' lang='lat' dir='ltr'><strong>non</strong></span> <span class='ocrx_word' id='word_1_153' title='bbox 1040 2055 1117 2139; x_wconf 82' lang='lat' dir='ltr'><strong>tuli,</strong></span> <span class='ocrx_word' id='word_1_154' title='bbox 1139 2055 1192 2120; x_wconf 86' lang='lat' dir='ltr'><strong>sed</strong></span> 
     </span>
     <span class='ocr_line' id='line_1_22' title="bbox 233 2138 1191 2227; baseline 0.007 -26"><span class='ocrx_word' id='word_1_155' title='bbox 233 2158 275 2202; x_wconf 87' lang='lat' dir='ltr'><strong>ue</strong></span> <span class='ocrx_word' id='word_1_156' title='bbox 297 2138 383 2222; x_wconf 88' lang='lat' dir='ltr'><strong>patri</strong></span> <span class='ocrx_word' id='word_1_157' title='bbox 406 2139 535 2222; x_wconf 88' lang='lat' dir='ltr'><strong>quidem</strong></span> <span class='ocrx_word' id='word_1_158' title='bbox 557 2161 639 2224; x_wconf 88' lang='lat' dir='ltr'><strong>meo,</strong></span> <span class='ocrx_word' id='word_1_159' title='bbox 664 2141 692 2206; x_wconf 89' lang='lat' dir='ltr'><strong>si</strong></span> <span class='ocrx_word' id='word_1_160' title='bbox 714 2141 893 2227; x_wconf 82' lang='lat' dir='ltr'><strong>reviviscat,</strong></span> <span class='ocrx_word' id='word_1_161' title='bbox 916 2145 954 2206; x_wconf 88' lang='lat' dir='ltr'><strong>ut</strong></span> <span class='ocrx_word' id='word_1_162' title='bbox 974 2143 1122 2226; x_wconf 88' lang='lat' dir='ltr'><strong>patiente</strong></span> <span class='ocrx_word' id='word_1_163' title='bbox 1143 2165 1191 2208; x_wconf 90' lang='lat' dir='ltr'><strong>me</strong></span> 
     </span>
     <span class='ocr_line' id='line_1_23' title="bbox 233 2226 1191 2316; baseline 0.006 -26"><span class='ocrx_word' id='word_1_164' title='bbox 233 2227 306 2310; x_wconf 91' lang='lat' dir='ltr'><strong>plus</strong></span> <span class='ocrx_word' id='word_1_165' title='bbox 328 2226 456 2312; x_wconf 81' lang='lat' dir='ltr'><strong>legibus</strong></span> <span class='ocrx_word' id='word_1_166' title='bbox 477 2249 516 2294; x_wconf 87' lang='lat' dir='ltr'><strong>ac</strong></span> <span class='ocrx_word' id='word_1_167' title='bbox 538 2232 653 2294; x_wconf 84' lang='lat' dir='ltr'><strong>senatu</strong></span> <span class='ocrx_word' id='word_1_168' title='bbox 682 2230 799 2314; x_wconf 89' lang='lat' dir='ltr'><strong>possit:</strong></span> <span class='ocrx_word' id='word_1_169' title='bbox 830 2251 873 2295; x_wconf 89' lang='lat' dir='ltr'><strong>an</strong></span> <span class='ocrx_word' id='word_1_170' title='bbox 895 2230 958 2296; x_wconf 90' lang='lat' dir='ltr'><strong>hoo</strong></span> <span class='ocrx_word' id='word_1_171' title='bbox 980 2231 1041 2294; x_wconf 87' lang='lat' dir='ltr'><strong>tibi</strong></span> <span class='ocrx_word' id='word_1_172' title='bbox 1063 2253 1191 2316; x_wconf 88' lang='lat' dir='ltr'><strong>persua·</strong></span> 
     </span>
     <span class='ocr_line' id='line_1_24' title="bbox 234 2315 1192 2403; baseline 0.004 -23"><span class='ocrx_word' id='word_1_173' title='bbox 234 2333 306 2380; x_wconf 91' lang='lat' dir='ltr'><strong>sum</strong></span> <span class='ocrx_word' id='word_1_174' title='bbox 329 2320 387 2400; x_wconf 77' lang='lat' dir='ltr'><strong>est,</strong></span> <span class='ocrx_word' id='word_1_175' title='bbox 407 2315 671 2384; x_wconf 82' lang='lat' dir='ltr'><strong>foreoeterosab</strong></span> <span class='ocrx_word' id='word_1_176' title='bbox 686 2318 866 2401; x_wconf 79' lang='lat' dir='ltr'><strong>salibaras,</strong></span> <span class='ocrx_word' id='word_1_177' title='bbox 889 2340 953 2403; x_wconf 91' lang='lat' dir='ltr'><strong>quo</strong></span> <span class='ocrx_word' id='word_1_178' title='bbox 971 2319 1076 2384; x_wconf 85' lang='lat' dir='ltr'><strong>inrito</strong></span> <span class='ocrx_word' id='word_1_179' title='bbox 1100 2321 1192 2386; x_wconf 87' lang='lat' dir='ltr'><strong>uobis</strong></span> 
     </span>
     <span class='ocr_line' id='line_1_25' title="bbox 233 2402 1191 2493; baseline 0.006 -25"><span class='ocrx_word' id='word_1_180' title='bbox 233 2403 278 2468; x_wconf 89' lang='lat' dir='ltr'><strong>iu.</strong></span> <span class='ocrx_word' id='word_1_181' title='bbox 291 2402 354 2468; x_wconf 83' lang='lat' dir='ltr'><strong>ista</strong></span> <span class='ocrx_word' id='word_1_182' title='bbox 377 2404 507 2470; x_wconf 84' lang='lat' dir='ltr'><strong>civitate</strong></span> <span class='ocrx_word' id='word_1_183' title='bbox 529 2406 620 2470; x_wconf 89' lang='lat' dir='ltr'><strong>locus</strong></span> <span class='ocrx_word' id='word_1_184' title='bbox 642 2427 710 2470; x_wconf 91' lang='lat' dir='ltr'><strong>non</strong></span> <span class='ocrx_word' id='word_1_185' title='bbox 733 2406 800 2470; x_wconf 81' lang='lat' dir='ltr'><strong>sit?</strong></span> <span class='ocrx_word' id='word_1_186' title='bbox 835 2405 898 2483; x_wconf 81' lang='lat' dir='ltr'><strong>Qui</strong></span> <span class='ocrx_word' id='word_1_187' title='bbox 921 2429 1018 2491; x_wconf 86' lang='lat' dir='ltr'><strong>porro</strong></span> <span class='ocrx_word' id='word_1_188' title='bbox 1040 2408 1085 2493; x_wconf 88' lang='lat' dir='ltr'><strong>id,</strong></span> <span class='ocrx_word' id='word_1_189' title='bbox 1108 2409 1191 2492; x_wconf 91' lang='lat' dir='ltr'><strong>quod</strong></span> 
     </span>
     <span class='ocr_line' id='line_1_26' title="bbox 232 2491 1192 2580; baseline 0.005 -25"><span class='ocrx_word' id='word_1_190' title='bbox 232 2491 330 2576; x_wconf 87' lang='lat' dir='ltr'><strong>petis,</strong></span> <span class='ocrx_word' id='word_1_191' title='bbox 361 2491 432 2557; x_wconf 86' lang='lat' dir='ltr'><strong>fieri</strong></span> <span class='ocrx_word' id='word_1_192' title='bbox 457 2496 566 2576; x_wconf 89' lang='lat' dir='ltr'><strong>potest</strong></span> <span class='ocrx_word' id='word_1_193' title='bbox 591 2497 629 2558; x_wconf 93' lang='lat' dir='ltr'><strong>ut</strong></span> <span class='ocrx_word' id='word_1_194' title='bbox 654 2494 828 2578; x_wconf 80' lang='lat' dir='ltr'><strong>impetres?</strong></span> <span class='ocrx_word' id='word_1_195' title='bbox 863 2497 1084 2580; x_wconf 73' lang='lat' dir='ltr'><strong>rogassem,</strong></span> <span class='ocrx_word' id='word_1_196' title='bbox 1117 2497 1192 2562; x_wconf 80' lang='lat' dir='ltr'><strong>velit</strong></span> 
     </span>
     <span class='ocr_line' id='line_1_27' title="bbox 233 2579 1192 2668; baseline 0.007 -25"><span class='ocrx_word' id='word_1_197' title='bbox 233 2599 294 2643; x_wconf 92' lang='lat' dir='ltr'><strong>nos</strong></span> <span class='ocrx_word' id='word_1_198' title='bbox 326 2579 433 2645; x_wconf 85' lang='lat' dir='ltr'><strong>salvos</strong></span> <span class='ocrx_word' id='word_1_199' title='bbox 465 2601 549 2646; x_wconf 85' lang='lat' dir='ltr'><strong>esse:</strong></span> <span class='ocrx_word' id='word_1_200' title='bbox 590 2581 735 2647; x_wconf 81' lang='lat' dir='ltr'><strong>uidemur</strong></span> <span class='ocrx_word' id='word_1_201' title='bbox 766 2603 844 2668; x_wconf 81' lang='lat' dir='ltr'><strong>ergo</strong></span> <span class='ocrx_word' id='word_1_202' title='bbox 874 2584 936 2648; x_wconf 86' lang='lat' dir='ltr'><strong>tibi</strong></span> <span class='ocrx_word' id='word_1_203' title='bbox 968 2585 1107 2650; x_wconf 87' lang='lat' dir='ltr'><strong>salutem</strong></span> <span class='ocrx_word' id='word_1_204' title='bbox 1143 2606 1192 2650; x_wconf 87' lang='lat' dir='ltr'><strong>ac·</strong></span> 
     </span>
     <span class='ocr_line' id='line_1_28' title="bbox 234 2667 1192 2757; baseline 0.008 -27"><span class='ocrx_word' id='word_1_205' title='bbox 234 2667 371 2750; x_wconf 87' lang='lat' dir='ltr'><strong>cepturi,</strong></span> <span class='ocrx_word' id='word_1_206' title='bbox 394 2688 492 2751; x_wconf 90' lang='lat' dir='ltr'><strong>quum</strong></span> <span class='ocrx_word' id='word_1_207' title='bbox 516 2670 616 2734; x_wconf 84' lang='lat' dir='ltr'><strong>vitam</strong></span> <span class='ocrx_word' id='word_1_208' title='bbox 638 2671 876 2754; x_wconf 73' lang='lat' dir='ltr'><strong>acceperimus?</strong></span> <span class='ocrx_word' id='word_1_209' title='bbox 912 2693 1022 2756; x_wconf 87' lang='lat' dir='ltr'><strong>quam,</strong></span> <span class='ocrx_word' id='word_1_210' title='bbox 1053 2673 1081 2738; x_wconf 90' lang='lat' dir='ltr'><strong>si</strong></span> <span class='ocrx_word' id='word_1_211' title='bbox 1103 2674 1192 2757; x_wconf 86' lang='lat' dir='ltr'><strong>prius</strong></span> 
     </span>
     <span class='ocr_line' id='line_1_29' title="bbox 234 2755 1191 2845; baseline 0.007 -26"><span class='ocrx_word' id='word_1_212' title='bbox 234 2755 426 2820; x_wconf 77' lang='lat' dir='ltr'><strong>dimittimus</strong></span> <span class='ocrx_word' id='word_1_213' title='bbox 448 2755 640 2842; x_wconf 81' lang='lat' dir='ltr'><strong>dignitatem</strong></span> <span class='ocrx_word' id='word_1_214' title='bbox 664 2761 698 2822; x_wconf 85' lang='lat' dir='ltr'><strong>et</strong></span> <span class='ocrx_word' id='word_1_215' title='bbox 718 2759 914 2844; x_wconf 87' lang='lat' dir='ltr'><strong>libertatem,</strong></span> <span class='ocrx_word' id='word_1_216' title='bbox 943 2761 998 2845; x_wconf 88' lang='lat' dir='ltr'><strong>qui</strong></span> <span class='ocrx_word' id='word_1_217' title='bbox 1020 2782 1191 2844; x_wconf 89' lang='lat' dir='ltr'><strong>possumus</strong></span> 
     </span>
     <span class='ocr_line' id='line_1_30' title="bbox 207 2843 1191 2932; baseline 0.009 -27"><span class='ocrx_word' id='word_1_218' title='bbox 207 2865 220 2904; x_wconf 75' lang='lat' dir='ltr'><strong>s</strong></span> <span class='ocrx_word' id='word_1_219' title='bbox 233 2843 400 2929; x_wconf 80' lang='lat' dir='ltr'><strong>accipere?</strong></span> <span class='ocrx_word' id='word_1_220' title='bbox 423 2865 466 2910; x_wconf 90' lang='lat' dir='ltr'><strong>an</strong></span> <span class='ocrx_word' id='word_1_221' title='bbox 477 2849 516 2910; x_wconf 86' lang='lat' dir='ltr'><strong>tu</strong></span> <span class='ocrx_word' id='word_1_222' title='bbox 529 2845 652 2912; x_wconf 88' lang='lat' dir='ltr'><strong>Romae</strong></span> <span class='ocrx_word' id='word_1_223' title='bbox 664 2847 822 2932; x_wconf 87' lang='lat' dir='ltr'><strong>habitare,</strong></span> <span class='ocrx_word' id='word_1_224' title='bbox 842 2847 879 2912; x_wconf 89' lang='lat' dir='ltr'><strong>id</strong></span> <span class='ocrx_word' id='word_1_225' title='bbox 889 2852 985 2932; x_wconf 90' lang='lat' dir='ltr'><strong>putas</strong></span> <span class='ocrx_word' id='word_1_226' title='bbox 998 2849 1191 2914; x_wconf 85' lang='lat' dir='ltr'><strong>incolumem</strong></span> 
     </span>
     <span class='ocr_line' id='line_1_31' title="bbox 234 2933 1191 3020; baseline 0.003 -23"><span class='ocrx_word' id='word_1_227' title='bbox 234 2933 326 2998; x_wconf 84' lang='lat' dir='ltr'><strong>esse?</strong></span> <span class='ocrx_word' id='word_1_228' title='bbox 361 2955 427 3018; x_wconf 83' lang='lat' dir='ltr'><strong>ros,</strong></span> <span class='ocrx_word' id='word_1_229' title='bbox 457 2955 525 2998; x_wconf 88' lang='lat' dir='ltr'><strong>nou</strong></span> <span class='ocrx_word' id='word_1_230' title='bbox 551 2935 642 3000; x_wconf 90' lang='lat' dir='ltr'><strong>locus</strong></span> <span class='ocrx_word' id='word_1_231' title='bbox 669 2937 797 3019; x_wconf 84' lang='lat' dir='ltr'><strong>oportet</strong></span> <span class='ocrx_word' id='word_1_232' title='bbox 823 2939 967 3020; x_wconf 85' lang='lat' dir='ltr'><strong>praestet</strong></span> <span class='ocrx_word' id='word_1_233' title='bbox 991 2938 1077 3001; x_wconf 87' lang='lat' dir='ltr'><strong>istuc</strong></span> <span class='ocrx_word' id='word_1_234' title='bbox 1098 2938 1191 3002; x_wconf 87' lang='lat' dir='ltr'><strong>mihi:</strong></span> 
     </span>
    </p>
   </div>
   <div class='ocr_carea' id='block_1_3' title="bbox 232 3019 1191 3356">
    <p class='ocr_par' dir='ltr' id='par_1_3' title="bbox 232 3019 1191 3356">
     <span class='ocr_line' id='line_1_32' title="bbox 234 3019 1190 3110; baseline 0.005 -24"><span class='ocrx_word' id='word_1_235' title='bbox 234 3041 338 3104; x_wconf 88' lang='lat' dir='ltr'><strong>neque</strong></span> <span class='ocrx_word' id='word_1_236' title='bbox 360 3022 531 3087; x_wconf 86' lang='lat' dir='ltr'><strong>incolumis</strong></span> <span class='ocrx_word' id='word_1_237' title='bbox 554 3019 690 3088; x_wconf 78' lang='lat' dir='ltr'><strong>Caesare</strong></span> <span class='ocrx_word' id='word_1_238' title='bbox 713 3024 792 3090; x_wconf 80' lang='lat' dir='ltr'><strong>vivo</strong></span> <span class='ocrx_word' id='word_1_239' title='bbox 808 3024 865 3108; x_wconf 86' lang='lat' dir='ltr'><strong>fui,</strong></span> <span class='ocrx_word' id='word_1_240' title='bbox 893 3025 959 3090; x_wconf 90' lang='lat' dir='ltr'><strong>nisi</strong></span> <span class='ocrx_word' id='word_1_241' title='bbox 979 3029 1190 3110; x_wconf 77' lang='lat' dir='ltr'><strong>posteaquam</strong></span> 
     </span>
     <span class='ocr_line' id='line_1_33' title="bbox 232 3108 1191 3197; baseline 0.006 -25"><span class='ocrx_word' id='word_1_242' title='bbox 232 3108 314 3173; x_wconf 87' lang='lat' dir='ltr'><strong>illud</strong></span> <span class='ocrx_word' id='word_1_243' title='bbox 346 3110 487 3174; x_wconf 77' lang='lat' dir='ltr'><strong>conscivi</strong></span> <span class='ocrx_word' id='word_1_244' title='bbox 522 3110 662 3196; x_wconf 86' lang='lat' dir='ltr'><strong>facinus,</strong></span> <span class='ocrx_word' id='word_1_245' title='bbox 697 3132 801 3195; x_wconf 87' lang='lat' dir='ltr'><strong>neque</strong></span> <span class='ocrx_word' id='word_1_246' title='bbox 832 3134 969 3197; x_wconf 85' lang='lat' dir='ltr'><strong>usquam</strong></span> <span class='ocrx_word' id='word_1_247' title='bbox 1001 3115 1092 3178; x_wconf 86' lang='lat' dir='ltr'><strong>exsul</strong></span> <span class='ocrx_word' id='word_1_248' title='bbox 1123 3135 1191 3180; x_wconf 87' lang='lat' dir='ltr'><strong>esse</strong></span> 
     </span>
     <span class='ocr_line' id='line_1_34' title="bbox 233 3197 1190 3286; baseline 0.008 -26"><span class='ocrx_word' id='word_1_249' title='bbox 233 3214 375 3280; x_wconf 86' lang='lat' dir='ltr'><strong>possum,</strong></span> <span class='ocrx_word' id='word_1_250' title='bbox 398 3197 474 3262; x_wconf 90' lang='lat' dir='ltr'><strong>dum</strong></span> <span class='ocrx_word' id='word_1_251' title='bbox 489 3199 608 3264; x_wconf 80' lang='lat' dir='ltr'><strong>seruire</strong></span> <span class='ocrx_word' id='word_1_252' title='bbox 621 3202 654 3263; x_wconf 91' lang='lat' dir='ltr'><strong>et</strong></span> <span class='ocrx_word' id='word_1_253' title='bbox 676 3201 745 3283; x_wconf 87' lang='lat' dir='ltr'><strong>pati</strong></span> <span class='ocrx_word' id='word_1_254' title='bbox 759 3202 970 3266; x_wconf 86' lang='lat' dir='ltr'><strong>contumelias</strong></span> <span class='ocrx_word' id='word_1_255' title='bbox 988 3202 1080 3286; x_wconf 85' lang='lat' dir='ltr'><strong>peius</strong></span> <span class='ocrx_word' id='word_1_256' title='bbox 1094 3202 1190 3268; x_wconf 87' lang='lat' dir='ltr'><strong>odero</strong></span> 
     </span>
     <span class='ocr_line' id='line_1_35' title="bbox 234 3283 1189 3356; baseline 0.007 -7"><span class='ocrx_word' id='word_1_257' title='bbox 234 3283 327 3349; x_wconf 88' lang='lat' dir='ltr'><strong>malis</strong></span> <span class='ocrx_word' id='word_1_258' title='bbox 359 3285 509 3352; x_wconf 81' lang='lat' dir='ltr'><strong>omnibus</strong></span> <span class='ocrx_word' id='word_1_259' title='bbox 542 3287 622 3352; x_wconf 77' lang='lat' dir='ltr'><strong>aliis.</strong></span> <span class='ocrx_word' id='word_1_260' title='bbox 667 3285 785 3354; x_wconf 87' lang='lat' dir='ltr'><strong>Nonne</strong></span> <span class='ocrx_word' id='word_1_261' title='bbox 821 3289 885 3354; x_wconf 88' lang='lat' dir='ltr'><strong>hoc</strong></span> <span class='ocrx_word' id='word_1_262' title='bbox 917 3294 967 3354; x_wconf 86' lang='lat' dir='ltr'><strong>est</strong></span> <span class='ocrx_word' id='word_1_263' title='bbox 997 3292 1032 3354; x_wconf 91' lang='lat' dir='ltr'><strong>iu</strong></span> <span class='ocrx_word' id='word_1_264' title='bbox 1064 3291 1189 3356; x_wconf 88' lang='lat' dir='ltr'><strong>easdem</strong></span> 
     </span>
    </p>
   </div>
   <div class='ocr_carea' id='block_1_4' title="bbox 232 3420 1191 3615">
    <p class='ocr_par' dir='ltr' id='par_1_4' title="bbox 232 3420 1191 3615">
     <span class='ocr_line' id='line_1_36' title="bbox 304 3420 1190 3499; baseline 0.01 -25"><span class='ocrx_word' id='word_1_265' title='bbox 304 3420 356 3490; x_wconf 84' lang='lat' dir='ltr'><strong>Ep.</strong></span> <span class='ocrx_word' id='word_1_266' title='bbox 377 3427 418 3490; x_wconf 85' lang='grc'><strong>16,</strong></span> <span class='ocrx_word' id='word_1_267' title='bbox 438 3427 462 3476; x_wconf 74' lang='grc' dir='ltr'><strong>ὁ.</strong></span> <span class='ocrx_word' id='word_1_268' title='bbox 481 3423 609 3478; x_wconf 83' lang='lat' dir='ltr'><strong>cramus?</strong></span> <span class='ocrx_word' id='word_1_269' title='bbox 627 3423 717 3480; x_wconf 78' lang='lat' dir='ltr'><strong>Natta</strong></span> <span class='ocrx_word' id='word_1_270' title='bbox 735 3441 757 3480; x_wconf 91' lang='lat' dir='ltr'><strong>c.</strong></span> <span class='ocrx_word' id='word_1_271' title='bbox 777 3427 811 3481; x_wconf 82' lang='lat' dir='ltr'><strong>ab</strong></span> <span class='ocrx_word' id='word_1_272' title='bbox 830 3428 895 3482; x_wconf 78' lang='lat' dir='ltr'><strong>aliis</strong></span> <span class='ocrx_word' id='word_1_273' title='bbox 913 3429 985 3495; x_wconf 75' lang='lat' dir='ltr'><strong>auu,</strong></span> <span class='ocrx_word' id='word_1_274' title='bbox 1003 3430 1050 3484; x_wconf 81' lang='lat' dir='ltr'><strong>scd</strong></span> <span class='ocrx_word' id='word_1_275' title='bbox 1067 3431 1094 3498; x_wconf 74' lang='lat'><strong>(2</strong></span> <span class='ocrx_word' id='word_1_276' title='bbox 1112 3429 1190 3499; x_wconf 74' lang='lat' dir='ltr'><strong>Pali,</strong></span> 
     </span>
     <span class='ocr_line' id='line_1_37' title="bbox 232 3487 1191 3615; baseline 0.017 -74"><span class='ocrx_word' id='word_1_277' title='bbox 232 3487 301 3613; x_wconf 52' lang='lat' dir='ltr'><strong>{ch</strong></span> <span class='ocrx_word' id='word_1_278' title='bbox 311 3491 405 3614; x_wconf 49' lang='lat' dir='ltr'><strong>13pr</strong></span> <span class='ocrx_word' id='word_1_279' title='bbox 412 3493 477 3615; x_wconf 36' lang='lat' dir='ltr'><strong>eqd·</strong></span> <span class='ocrx_word' id='word_1_280' title='bbox 487 3491 546 3546; x_wconf 87' lang='lat' dir='ltr'><strong>Om.</strong></span> <span class='ocrx_word' id='word_1_281' title='bbox 571 3495 605 3548; x_wconf 83' lang='lat' dir='ltr'><strong>at</strong></span> <span class='ocrx_word' id='word_1_282' title='bbox 624 3495 769 3565; x_wconf 70' lang='lat' dir='ltr'><strong>aliialii,</strong></span> <span class='ocrx_word' id='word_1_283' title='bbox 792 3497 833 3566; x_wconf 89' lang='lat' dir='ltr'><strong>B.‚</strong></span> <span class='ocrx_word' id='word_1_284' title='bbox 857 3499 905 3596; x_wconf 80' lang='lat' dir='ltr'><strong>qui</strong></span> <span class='ocrx_word' id='word_1_285' title='bbox 925 3515 987 3554; x_wconf 85' lang='lat' dir='ltr'><strong>cum</strong></span> <span class='ocrx_word' id='word_1_286' title='bbox 1007 3501 1051 3555; x_wconf 84' lang='lat' dir='ltr'><strong>Or.</strong></span> <span class='ocrx_word' id='word_1_287' title='bbox 1071 3501 1118 3556; x_wconf 79' lang='lat'>11.=</span> <span class='ocrx_word' id='word_1_288' title='bbox 1146 3517 1191 3569; x_wconf 70' lang='lat' dir='ltr'><strong>eu,</strong></span> 
     </span>
    </p>
   </div>
   <div class='ocr_carea' id='block_1_5' title="bbox 0 0 1290 3974">
    <p class='ocr_par' dir='ltr' id='par_1_5' title="bbox 0 0 1290 3974">
     <span class='ocr_line' id='line_1_38' title="bbox 0 0 1290 3974; baseline 0 0"><span class='ocrx_word' id='word_1_289' title='bbox 0 0 1290 3974; x_wconf 95' lang='lat' dir='ltr'><strong> </strong></span> 
     </span>
    </p>
   </div>
  </div>
 </body>
</html>
