2582 3980
207 231 465 290 EPISTOLARUM
482 231 533 288 AD
551 230 807 289 adulatum.
827 238 850 287 7.
870 237 895 288 8.
973 230 1037 298 591

69 376 218 449 Atticae.
254 375 344 442 Haeo
367 376 481 462 scripsi
502 377 671 464 navigans,
693 398 793 462 quum
814 377 851 444 ia
871 375 1040 464 Pompeia·

69 487 160 530 num
183 465 375 550 accederem,
396 482 480 531 xlm.
502 463 574 530 Kal.

516 657 609 726 VIII.

72 778 138 835 Sor.
157 779 189 835 in
207 777 362 836 Puteolano
381 791 405 835 a
425 779 450 836 d.
471 779 518 836 lv.
536 779 633 836 Nonas
652 779 825 837 Novembres
845 795 871 835 a.
889 795 917 836 u.
935 793 959 837 o.
978 784 1040 837 ¹110.

356 885 504 943 eloneo
521 885 673 942 ATTICO
690 885 774 943 SAL.
905 895 907 902 ’

147 993 255 1074 Quum
277 995 392 1080 seiam,
415 1016 478 1082 quo
502 995 553 1060 die
575 999 730 1062 venturus
754 996 832 1081 sim,
850 995 981 1082 faeiem,
1003 999 1066 1061 uti

74 1083 177 1149 seiae:
199 1084 431 1168 impedimenta
453 1085 668 1168 exspectanda
683 1087 769 1170 sunt,
791 1107 872 1169 quae
887 1083 1040 1170 Anagnia

73 1173 227 1257 veniunt,
249 1176 283 1237 et
303 1172 428 1238 familia
450 1193 548 1260 aegra
571 1176 628 1238 est.
671 1173 743 1238 Kal.
765 1174 891 1258 vesperi
912 1173 1039 1238 litterae

74 1261 162 1326 mihi
185 1261 226 1326 ab
245 1259 432 1327 Octaviano.
459 1259 581 1347 Magna
603 1262 743 1327 molitur.
770 1261 961 1346 Veteranos,
984 1262 1040 1348 qui

75 1347 217 1417 Casilini
240 1353 273 1414 et
295 1347 439 1416 Calatiae
460 1355 542 1436 aaut,
563 1350 713 1444 perduxit
734 1350 775 1416 ad
798 1371 889 1416 suam
912 1353 1039 1416 senten·

75 1439 176 1522 tiam3
197 1458 258 1503 nee
280 1439 410 1504 mirum:
433 1439 614 1525 quingenos
637 1438 786 1506 denarios
809 1439 874 1504 dat.
908 1436 1040 1524 Cogitat

76 1527 223 1612 reliques
250 1527 395 1592 colonias
420 1528 521 1593 obire:
557 1527 654 1612 plane
681 1527 744 1592 hoe
774 1530 911 1612 spectat,
942 1530 980 1592 ut
1007 1548 1042 1592 se

77 1615 163 1680 duee
194 1615 316 1680 bellum
342 1619 475 1702 geratur
502 1636 575 1680 eum
602 1615 758 1682 Antonio.
802 1615 917 1701 Itaque
947 1615 1042 1681 uideo

77 1703 195 1788 paneis
217 1703 330 1769 diebus
352 1725 414 1770 nos
440 1705 476 1768 in
498 1704 596 1769 annis
618 1704 702 1790 fore3
735 1725 831 1790 quem
858 1708 966 1770 autem
994 1725 1041 1770 se·

78 1791 243 1877 quamur?
272 1789 346 1858 vide
367 1813 499 1878 nomen,
528 1793 600 1858 vide
623 1797 773 1859 aetatem.
817 1792 925 1878 Atque
948 1813 968 1858 a
989 1815 1042 1859 me

78 1881 241 1966 postulat,
271 1881 412 1968 primum
437 1886 475 1947 ut
501 1883 585 1947 elam
611 1883 814 1966 colloquatur
843 1903 968 1947 mecum
990 1882 1042 1946 vel

79 1968 214 2056 Capuae
227 1969 279 2036 uel
292 1991 361 2038 uon
382 1970 479 2056 longe
494 1993 514 2034 a
527 1969 652 2055 Capua:
674 1971 796 2054 puerile
818 1969 881 2036 hoe
904 1968 1042 2054 quidem,

80 2059 110 2124 si
132 2057 168 2124 id
190 2061 286 2144 putat
311 2059 394 2124 olam
421 2059 491 2124 fieri
513 2079 621 2143 posse3
652 2058 747 2125 dooui
773 2077 831 2143 per
856 2058 982 2123 litteras
1008 2057 1042 2122 id

80 2169 143 2212 neo
172 2169 254 2232 opus
280 2167 350 2213 esse
376 2168 436 2214 nee
461 2147 532 2212 fieri
558 2167 662 2232 posse.
707 2145 799 2212 Misit
819 2145 861 2211 ad
889 2166 941 2210 me
964 2143 1070 2211 (lae-2

81 2238 191 2302 uiuam
223 2236 385 2321 quendam
415 2235 680 2320 Volaterranum,
714 2234 908 2300 familiarem
939 2255 1043 2320 suum,

82 2326 140 2410 qni
153 2325 234 2390 haee
255 2324 398 2410 pertulit,
419 2323 600 2391 Antonium
614 2345 688 2390 oum
700 2323 828 2412 legione
842 2322 1042 2388 Alaudarum

82 2415 125 2479 ad
158 2413 271 2479 urbem
301 2433 449 2500 pergere,
480 2413 633 2498 pecuniae
664 2412 848 2497 munioipiis
876 2412 1044 2498 imperare,

81 2503 247 2590 legionem
278 2503 339 2568 sub
375 2502 478 2588 signis
514 2502 643 2567 duoere:
680 2500 898 2586 consultabat,
933 2503 1043 2566 utrum

82 2591 224 2658 Romam
247 2611 320 2656 oum
342 2607 396 2658 010
420 2607 473 2657 010
496 2607 560 2658 οπο.
581 2593 808 2656 veteranorum
828 2589 1043 2678 profieisoere-

82 2685 153 2766 tur,
184 2701 227 2745 an
257 2677 401 2764 Capuam
431 2682 557 2744 teneret
587 2682 621 2745 et
648 2678 829 2746 Antonium
860 2679 1044 2746 venientem

85 2768 281 2854 excluderet,
312 2789 356 2833 an
382 2768 445 2832 iret
470 2767 512 2833 ad
538 2771 605 2834 tres
636 2769 780 2854 legiones
809 2767 1046 2852 Maeedonioae,

85 2879 169 2944 quae
198 2857 260 2922 iter
287 2857 463 2923 seeundum
489 2878 577 2922 mare
605 2855 763 2941 Superum
794 2856 932 2940 faciunt,
963 2877 1044 2941 quae

85 2950 196 3033 eperat
218 2967 292 3011 suas
315 2966 397 3031 esee;
428 2967 485 3012 eae
507 2945 708 3033 congiarium
731 2945 772 3011 ab
795 2943 940 3010 Antonio
963 2944 1043 3009 aoei-

85 3057 162 3121 pere
184 3036 372 3118 noluerunt,
403 3038 441 3100 ut
467 3034 521 3100 hie
547 3034 676 3119 quidem
704 3036 830 3118 narrat,
860 3037 894 3098 et
913 3033 945 3097 ei
966 3049 1043 3098 oon·

84 3124 204 3190 vicium
227 3144 325 3210 grave
346 3123 814 3207 fecerunteonoionantemque
835 3121 1045 3205 reliquerunt.

87 3211 172 3290 Quid
224 3211 353 3278 uaeris?
389 3212 502 3278 ducem
534 3233 569 3278 se
599 3212 770 3297 profitetur
799 3230 860 3276 neo
890 3231 952 3276 nos
981 3209 1044 3274 sibi

87 3305 182 3387 putat
204 3234 315 3368 deesse
338 3303 495 3386 oportere.
539 3298 700 3385 Equidem
722 3297 818 3384 suasi,
846 3301 884 3363 ut
905 3297 1045 3364 Romam

157 3441 210 3514 Ep.
230 3448 255 3511 7,
274 3447 299 3497 8.
326 3457 410 3516 queem
427 3440 460 3495 iu
477 3438 574 3510 Ponap.
594 3439 698 3512 (doru).
716 3455 741 3510 q.
762 3437 797 3496 Ρ,
811 3419 911 3508 uulgo.
946 3435 998 3507 Ep.
1018 3442 1044 3506 8,

88 3521 113 3640 ὲ
129 3513 256 3654 ,wod
274 3511 292 3570 l.
311 3529 330 3569 a
348 3511 447 3582 capua
464 3507 495 3568 B.
518 3509 583 3568 inol.
602 3511 691 3582 typia
716 3509 766 3568 aed
788 3509 895 3566 habent
913 3507 969 3577 Zb.,
991 3524 1035 3566 ue.
