2510 3958
237 246 303 312 252
519 245 558 301 ld.
580 245 704 301 TULLII
721 243 914 302 cronacum

210 392 368 459 uidesne
381 413 434 457 me
457 391 555 456 etiam
567 390 690 456 iocari?
703 427 755 455 -.
775 389 863 456 Scire
876 391 941 456 iarn
954 395 988 456 te
1002 393 1133 476 oportet,
1153 391 1197 455 L.

238 477 359 547 Caesar
380 501 463 564 quae
484 500 641 564 responsa
666 479 788 544 referat
808 501 829 544 a
850 478 1018 565 Pompeio,
1047 501 1124 564 quas
1149 479 1196 543 ab

238 569 352 635 eodem
374 568 416 632 ad
434 565 605 634 Caesarem
626 568 712 633 ferat
732 568 871 652 litteras3
893 569 1031 653 scriptae
1054 569 1137 633 enim
1159 573 1199 632 et

239 657 334 722 (latua
355 657 404 721 ita
416 660 502 741 sunt,
522 659 562 721 ut
582 657 888 741 proponerenturin
909 656 1052 741 publico:
1073 657 1108 721 in
1130 677 1197 740 quo

239 745 388 810 accusavi
409 765 535 810 mecum
556 744 626 829 ipse
639 743 838 829 Pompeium,
859 745 924 829 qui,
947 767 1046 829 quum
1060 745 1197 828 scriptor

238 835 422 900 luculentus
453 835 552 918 esset,
585 836 696 898 tantas
726 853 778 898 res
811 837 907 918 atque
945 855 1013 918 eas,
1049 854 1129 918 quae
1156 834 1196 896 in

240 922 384 988 omnium
406 941 523 986 manus
540 925 695 986 venturae
717 925 835 1007 assent,
857 919 962 986 Sestio
984 924 1097 988 nostro
1120 921 1196 986 scri-

238 1011 361 1076 bendas
384 1010 523 1093 dederit3
545 1009 655 1094 itaque
676 1009 760 1074 nihil
781 1031 933 1094 umquam
954 1011 1020 1096 legi
1043 1010 1195 1094 scripturn

239 1097 531 1184 σηστιωδέστερον.
564 1096 707 1183 Perspici
728 1101 839 1163 tamen
862 1119 900 1162 ex
921 1097 1039 1162 litteris
1051 1097 1196 1182 Pompeii

238 1191 348 1272 potest
368 1186 452 1251 nihil
475 1184 606 1251 Caesari
633 1186 747 1272 negari
773 1186 944 1270 omniaque
971 1187 1001 1250 ei
1028 1187 1196 1268 cumulate,

239 1297 322 1360 quac
343 1275 500 1360 postulet,
531 1273 616 1359 dari,
645 1295 727 1360 quae
753 1275 808 1339 ille
835 1275 1073 1340 amentissimus
1098 1275 1197 1338 fuerit

238 1363 303 1429 nisi
339 1363 512 1448 acceperit,
544 1363 744 1466 ,praesertim
779 1384 879 1447 quum
913 1362 1197 1466 impudentissime

239 1450 467 1555 postulaverit3
498 1452 570 1535 quis
602 1452 689 1516 enim
718 1455 756 1515 tu
788 1473 835 1536 es,
867 1452 923 1535 qui
950 1451 1049 1516 dicam
1085 1451 1135 1538 „si
1160 1451 1195 1514 in

239 1537 432 1625 Hispaniam
459 1539 624 1624 profectus
656 1539 730 1623 crit,
761 1539 789 1604 si
815 1539 974 1625 praesidia
1001 1538 1195 1604 dimiseritl‘*

238 1632 350 1693 tamen
386 1627 587 1694 conceditur:
622 1628 730 1692 minus
765 1627 901 1693 honeste
936 1649 1024 1692 nunc
1060 1626 1196 1713 quidem,

239 1717 448 1782 violeta1am
471 1716 583 1781 abillo
597 1735 632 1780 re
654 1715 784 1800 publica
805 1717 876 1780 illut
861 1719 959 1800 toque
981 1717 1077 1800 bello,
1100 1737 1195 1801 quam

240 1804 268 1868 si
291 1805 369 1869 olim
392 1804 431 1868 de
453 1805 580 1868 ratione
608 1803 758 1869 habenda
779 1803 997 1890 impetrasset,
1028 1808 1062 1868 et
1087 1807 1195 1870 tamen

239 1913 360 1977 vereor,
382 1893 524 1958 uthis
515 1893 594 1976 ipsis
616 1895 789 1958 contentus
811 1894 868 1977 sit3
900 1914 990 1978 nam,
1013 1915 1113 1977 quum
1133 1895 1195 1957 ista

238 1980 394 2046 mandatu
429 1973 570 2046 dedisset
600 1979 635 2046 L.
667 1978 811 2066 Caesari,
846 1942 956 2046 debuit
941 1985 1056 2046 tessa
1087 1983 1194 2067 paullo

239 2069 391 2155 quietior,
422 2069 499 2134 dum
525 2089 681 2153 responsa
706 2070 916 2155 referrentur,
945 2070 1062 2135 dicitur
1083 2074 1194 2135 autem

211 2178 328 2224 cnunc
354 2180 424 2224 esse
451 2157 633 2224 acerrimus.
678 2157 849 2223 Trebatius
871 2159 999 2243 quidem
1028 2158 1141 2224 scribit
1162 2179 1193 2223 sc

240 2246 281 2311 ab
303 2247 360 2312 illo
383 2263 466 2312 vnn.
488 2245 562 2310 Kal.
583 2244 677 2312 Febr.
699 2251 849 2332 rogatum
873 2269 956 2331 esse,
984 2249 1022 2311 ut
1044 2246 1195 2312 scriberet

240 2334 281 2398 ad
309 2356 373 2418 me,
404 2339 442 2399 ut
468 2355 571 2399 essem
600 2334 642 2398 ad
673 2333 798 2418 urbem3
829 2335 912 2399 nihil
938 2335 968 2400 ei
994 2355 1045 2400 me
1073 2336 1195 2420 gratius

255 2441 345 2486 acere
377 2444 484 2507 possa:
519 2422 600 2487 hacc
632 2421 736 2486 verbis
774 2423 930 2507 pluribus.
977 2421 1128 2489 Intellexi
1158 2444 1193 2487 ex

240 2509 363 2574 dierum
377 2511 513 2595 ratione,
534 2514 572 2576 ut
590 2511 730 2595 primum
744 2509 783 2575 de
797 2510 938 2576 discessu
951 2516 1065 2576 nostro
1079 2509 1194 2576 Cacsar

240 2595 392 2682 audisset,
404 2598 552 2664 laborare
565 2621 639 2665 eum
653 2599 806 2684 coepisse,
822 2620 863 2664 ne
877 2621 989 2666 omnes
1003 2600 1192 2666 abessemus.

239 2684 353 2770 Itaque
375 2707 444 2752 non
466 2688 589 2773 dubito,
612 2688 691 2773 quin
713 2687 754 2753 ad
776 2687 936 2773 Pisonem,
958 2689 1037 2772 quin
1059 2687 1101 2754 ad
1126 2686 1192 2754 Ser

239 2773 328 2840 vium
350 2775 527 2859 scripserit:
499 2738 638 2840 tillud
666 2776 821 2860 admiror,
850 2797 919 2842 non
944 2777 1050 2861 ipsum
1077 2776 1119 2842 ad
1144 2798 1193 2840 me

240 2863 420 2949 scripsisse,
450 2885 519 2929 non
545 2885 602 2948 per
628 2862 841 2949 Dolabellam,
872 2886 940 2930 non
968 2887 1026 2950 per
1052 2863 1192 2931 Caelium

258 2951 353 3038 gisse,
375 2973 570 3054 quemquam
592 2973 661 3018 non
683 2973 838 3037 aspernor
857 2952 999 3018 'lbebatii
1021 2954 1154 3037 litteras,
1175 2976 1192 3018 a

210 3060 303 3125 «quo
326 3061 378 3106 me
400 3041 495 3106 unice
518 3040 610 3126 diligi
632 3040 708 3106 scio.
751 3039 915 3142 Rescripsi
941 3042 982 3106 ad
1009 3041 1192 3108 Trebatium

240 3164 282 3174 -
306 3150 383 3194 nam
412 3129 491 3194 ad
480 3149 587 3214 ipsum
611 3125 793 3214 Caesarem,
824 3130 879 3212 qui
905 3129 986 3197 mihi
1011 3130 1095 3196 nibil
1121 3131 1193 3196 scri-

239 3216 370 3302 psisset,
401 3217 557 3283 uolui—
514 3253 572 3301 —,
603 3238 701 3300 quam
731 3217 811 3282 illud
843 3217 905 3283 boc
935 3221 1082 3319 tempore
1112 3223 1194 3284 esset

239 3267 384 3389 difficile,
419 3326 471 3370 me
502 3308 613 3370 tamen
644 3305 680 3370 in
710 3304 849 3389 praediis
880 3306 961 3372 meis
993 3327 1062 3372 esec
1094 3328 1193 3393 neque

309 3511 361 3584 Ep.
382 3519 413 3570 17
442 3520 467 3567 2.
492 3514 823 3586 acroama->r
840 3515 1191 3588 campariaco

233 3583 366 3655 prome
382 3553 467 3652 n'u
478 3583 556 3654 cn
573 3584 605 3639 Β
