2622 3962
291 213 551 271 EPISTOLARUM
568 215 618 270 ln
636 207 799 270 cumcun
818 214 840 269 Ι.
860 220 901 270 18.
1034 212 1077 278 35

115 382 285 446 praesens,
316 365 427 426 tamen
453 361 605 427 voluntas
634 361 732 426 etiam
761 363 858 444 atque
886 358 984 424 etiam
1005 359 1077 443 ipsa

116 471 167 514 me
194 449 317 532 deficit3
348 470 439 532 nam,
468 453 505 514 ut
531 471 569 514 ea
595 449 747 532 breviter,
779 469 861 533 quae
888 451 964 532 post
984 450 1077 513 tuum

117 537 296 602 discessum
309 541 383 602 acta
406 541 490 620 sunt,
513 537 673 622 colligam,
694 537 761 601 iam
777 537 933 602 exclames
947 555 1077 601 necesse

117 629 166 690 est
187 647 241 690 res
264 625 430 690 Romanas
456 625 576 690 diutius
600 629 685 690 stare
707 645 775 690 non
798 645 901 709 posse.
945 623 1078 690 Etenim

118 718 191 797 post
214 713 450 798 profectionem
463 716 554 778 tuam
571 713 704 798 primus,
726 717 764 777 ut
778 713 903 798 opinor,
924 711 1077 778 introitus

117 803 179 866 fuit
192 802 229 868 in
248 823 379 868 caueam
401 803 530 867 fabulae
545 799 729 885 Clodianae,
751 801 785 865 in
800 822 864 884 qua
878 821 938 885 ego
953 805 1077 884 nectus,

30 903 31 906 ’
118 889 249 956 etmihi
267 890 408 976 videbar,
429 891 537 956 locum
559 890 751 956 resecandae
773 887 917 954 libidinis
940 892 974 952 et
991 909 1078 954 coer·

120 978 240 1043 cendae
271 979 447 1045 iuventutis
474 979 648 1045 vehemens
674 979 723 1042 fui
750 981 783 1042 et
809 998 921 1042 omnes
948 977 1078 1060 profudi

118 1067 202 1132 vires
216 1067 318 1132 animi
332 1071 429 1151 atque
442 1069 566 1153 ingenii
579 1068 652 1151 mei,
668 1088 737 1131 non
755 1066 828 1131 odio
847 1065 1003 1130 adductus
1022 1066 1078 1129 ali·

118 1156 217 1238 cuius,
242 1155 298 1220 sed
320 1177 378 1240 spe
399 1154 446 1220 rei
468 1156 616 1241 publicae
639 1153 847 1240 corrigendae
866 1158 899 1218 et
912 1154 1076 1219 sanandae

118 1242 272 1308 civitatis:
296 1243 417 1309 afflicta
435 1265 486 1308 res
509 1245 640 1328 publica
658 1247 708 1308 est
721 1247 828 1328 empto
852 1246 1106 1327 constuprato-a

121 1352 180 1415 que
217 1331 347 1396 iudicio.
390 1331 490 1417 Vide,
526 1353 608 1416 quae
645 1332 711 1396 sint
741 1336 856 1417 postea
892 1335 1077 1399 consecuta:

120 1420 232 1485 consul
256 1423 307 1484 est
327 1421 498 1503 impositus
520 1421 549 1485 is
571 1421 683 1504 nobis,
714 1442 809 1505 quem
831 1441 927 1486 nemo
950 1424 1077 1505 praeter

119 1529 178 1573 nos
219 1507 431 1592 philosophos
471 1509 613 1594 aspicere
654 1509 724 1574 sine
764 1509 918 1593 suspiritu
958 1512 1079 1593 posset.

120 1593 284 1671 Quantum
310 1596 373 1662 hoc
404 1597 534 1662 vulnus!
571 1598 658 1662 facto
693 1601 824 1663 senatus
860 1599 1007 1662 consulto
1038 1597 1079 1662 de

119 1684 257 1768 ambitu,
290 1684 328 1750 de
364 1685 490 1750 iudiciis
520 1686 611 1750 nulla
641 1686 693 1750 lex
723 1688 863 1770 perlata,
895 1685 1076 1771 exagitatus

119 1777 261 1856 senatus,
283 1773 416 1838 alienati
434 1774 557 1858 equites
570 1774 725 1839 Romani:
748 1775 861 1838 sicilie
884 1794 989 1838 annus
1012 1772 1076 1840 duo

118 1860 322 1924 firmamenta
354 1862 401 1926 rei
431 1863 579 1947 publicae
606 1883 664 1946 per
692 1883 744 1926 me
771 1883 872 1927 unum
900 1861 1078 1927 constituta

119 1948 249 2032 evertit,
275 1969 353 2014 nam
377 1953 409 2014 et
432 1954 563 2015 senatus
587 1951 811 2015 auctoritatem
834 1951 951 2016 abiecit
972 1954 1007 2015 et
1027 1971 1079 2015 or·
1139 2007 1142 2014 .

121 2035 234 2100 dinum
256 2037 462 2116 concordiam
484 2037 630 2103 diiunxit.
656 2037 764 2103 Instat
786 2039 839 2103 hic
861 2059 948 2104 nune
971 2059 1076 2102 annue

122 2125 282 2209 egregius.
326 2123 406 2191 Eius
428 2126 558 2190 initium
581 2125 737 2192 eiusmodi
759 2126 836 2211 fuit,
866 2130 904 2190 ut
931 2126 1077 2190 anniver-

119 2213 204 2276 saria
236 2234 327 2278 sacra
357 2212 538 2278 Iuventatis
573 2235 642 2280 non
674 2215 963 2279 committerentur:
1000 2233 1077 2278 nanr

119 2298 162 2363 Μ.
188 2299 318 2365 Luculli
350 2323 482 2368 uxorem
509 2301 681 2367 Memmius
709 2301 775 2366 suis
802 2302 901 2366 sacris
928 2300 1079 2385 initiavit,

119 2385 288 2454 Menelaus
315 2409 411 2475 aegre
437 2391 470 2455 id
497 2411 612 2474 passus
641 2389 814 2476 divortium
839 2390 931 2474 fecit,
967 2412 1077 2474 quam·

120 2496 216 2559 quam
239 2477 294 2541 ille
316 2481 429 2561 pastor
450 2477 567 2543 Idaeus
597 2477 780 2543 Menelaum
808 2479 912 2544 solum
935 2483 1077 2544 contem·

118 2568 238 2648 pserat,
259 2564 313 2628 hic
335 2569 446 2631 noster
467 2565 559 2631 Paris
580 2570 650 2631 tam
672 2565 855 2631 Menelaum
878 2587 975 2649 quam
989 2566 1076 2652 Aga·

119 2673 324 2718 memnonem
338 2654 475 2718 liberum
487 2674 556 2720 non
569 2655 704 2739 putavit.
722 2653 784 2718 Est
796 2658 905 2719 autem
915 2652 1104 2720 (lflerene

31 2773 32 2776 ¹
118 2740 191 2804 nius
206 2740 337 2824 quidam
359 2742 510 2808 tribunus
532 2743 584 2828 pl,
607 2762 702 2826 quem
720 2746 759 2806 tu
780 2742 919 2808 fortasse
933 2763 974 2808 ne
988 2743 1075 2809 nost‘

119 2828 249 2910 quidem
272 2865 314 2876 -
338 2832 468 2896 temetsi
490 2833 582 2914 potes
605 2850 715 2914 nosse,
741 2830 868 2896 tribulis
891 2831 978 2895 enim
1000 2833 1076 2894 tuus

119 2920 169 2980 est
195 2921 230 2981 et
257 2914 387 3002 Sextus,
412 2921 506 3003 pater
532 2919 615 3004 eius,
640 2939 790 2984 nummos
816 2918 909 2985 robis
936 2917 1077 2984 dividere

186 3051 240 3122 Ep.
256 3058 299 3120 18,
309 3057 334 3107 2
348 3066 405 3120 pa,
422 3055 513 3106 tamea
529 3066 572 3107 e..
588 3092 594 3103 .
613 3051 676 3120 ipse
688 3049 830 3118 nudetur
843 3050 899 3119 (u).
918 3051 982 3120 ipsa
994 3049 1075 3105 medi·
1120 3040 1134 3052 “

118 3123 209 3177 daem
228 3123 312 3191 efficit
334 3121 393 3188 Zb.,
419 3121 481 3176 cdd.
500 3121 575 3188 Mal,
593 3120 622 3188 h,
640 3137 680 3174 ac.
702 3121 721 3175 ι’.
740 3120 876 3176 medicina
889 3136 909 3174 e.
930 3137 967 3190 q.,
993 3119 1094 3175 Pala·

119 3192 180 3262 dni,
197 3193 249 3248 ΕΙ.
269 3192 306 3248 M.
325 3205 459 3262 magnam
476 3191 523 3246 hio
540 3191 628 3245 habet
645 3191 782 3246 lacunam.
805 3207 862 3259 pr,
879 3193 898 3258 †
916 3195 1006 3246 tumea
1024 3233 1030 3246 .
1045 3230 1074 3246 ..

119 3273 135 3325 ι’.
153 3271 292 3326 medicina
310 3267 353 3335 eff.
372 3267 403 3320 B.
417 3279 465 3334 pr.
483 3267 502 3318 t.
521 3278 546 3317 u.
563 3261 622 3316 iam
640 3264 720 3330 utque
737 3275 758 3314 e.
775 3260 795 3313 i.
814 3275 855 3314 me
868 3259 1004 3314 medicina
1022 3259 1074 3326 def.

118 3341 249 3412 (Madvig.
263 3357 300 3394 m.
316 3337 386 3392 Adv.
397 3336 459 3403 HJ?
472 3363 506 3375 -
519 3348 567 3402 spe
579 3333 620 3387 rei
628 3347 660 3401 p.
672 3345 741 3386 corr.
756 3334 781 3384 ct
795 3330 842 3398 (b).
856 3343 932 3396 spere
945 3344 967 3384 c.
981 3333 1006 3383 et
1021 3328 1078 3398 Zb,

122 3407 1080 3608 Metelisihffffiiiffil'liliisaie?²⁰22⁶‘sil.¹³r0njss⁹”t²²i”t

125 3571 148 3608 a
166 3573 204 3610 ru
217 3571 261 3625 go.

830 3637 938 3691 3¹².
