2510 3958
147 288 157 298 ,
188 220 448 291 rrrsromsun
465 235 515 291 m
532 235 697 292 srrrcuu
713 235 787 292 vm.
808 241 849 290 12.
938 232 1004 297 289

55 377 189 446 Domitio
212 380 258 445 ire
282 381 418 465 possim,
438 380 457 421 *
474 380 526 421 **
549 402 583 445 se
605 403 664 465 per
686 383 813 446 montes
836 380 1004 464 explicare,

54 486 114 532 non
129 472 185 534 'esd
202 468 301 534 'nobis
324 467 602 554 committendum,
633 473 671 534 ub
692 467 734 533 ad
760 468 820 534 has
847 485 930 533 xlm.
954 489 1005 532 co·

54 553 170 641 hortos,
200 579 283 642 ques
309 557 407 623 dubio
435 559 543 624 animo
574 557 693 640 habeo,
724 557 828 622 hostis
856 556 1005 622 accedere

55 647 104 707 aut
132 645 168 709 in
198 646 315 710 itinere
346 667 398 711 me
430 647 584 731 consequi
621 645 733 730 possib.
789 643 1033 722 Quamobrem*

55 732 200 814 placitum
233 737 284 799 esi
313 735 407 819 mihi,
437 735 459 816 †
488 735 566 800 ultio
597 733 690 801 video
722 731 757 800 Ο.
788 731 957 806 Marcello
974 737 1007 799 eb

55 821 158 886 ceteris
181 823 287 887 nostri
310 823 445 908 ordinis,
473 823 529 909 qui
550 823 603 888 hic
626 827 716 908 sunt,
738 825 776 887 ul
797 821 1007 887 Brundisium

55 907 195 974 ducerem
225 910 312 976 hanc
342 912 481 997 copiam,
513 933 610 997 quem
636 933 762 977 mecum
792 911 912 976 hebes:
947 932 1006 975 vos

55 995 167 1082 hortor,
188 1001 236 1083 ub,
257 999 480 1084 quodcumque
493 1001 633 1066 milibum
647 1000 836 1068 contrahere
850 998 1007 1084 poteritis,

56 1086 247 1152 conbehelis
283 1091 317 1153 el
351 1089 464 1155 eodem
495 1088 705 1156 Brundisium
735 1088 873 1153 venialis
910 1109 1007 1172 quem

56 1173 201 1260 primum3
225 1197 316 1242 arms
338 1199 420 1263 quae
438 1178 480 1242 ad
502 1199 554 1243 me
566 1176 698 1244 missuri
710 1177 818 1263 erutis,
838 1176 879 1242 iis
893 1195 1007 1242 censeo

58 1265 179 1329 umetis
202 1265 335 1350 milites,
359 1287 440 1350 quos
462 1267 628 1332 vobiscum
649 1266 790 1351 hebebis,
812 1286 895 1351 quae
918 1285 1008 1329 orme

58 1353 256 1506 llllllll
278 1353 769 1528 lrlllllliffillllll
792 1353 1008 1509 lllllll

58 1527 143 1593 velim
166 1535 297 1597 nostros
320 1531 472 1597 certiores
494 1531 637 1598 fecistis:
673 1545 735 1618 ego
758 1531 799 1598 ud
821 1528 856 1597 P.
880 1531 1008 1615 Lupum

60 1618 87 1677 el
110 1615 143 1682 O.
166 1616 348 1703 Coponium
375 1623 539 1704 praetores
566 1622 653 1705 misi,
684 1624 722 1685 ub
751 1642 785 1686 se
812 1620 905 1686 vobis
933 1626 1008 1684 coir·

59 1701 221 1862 {ungerem
248 1711 294 1793 eb,
324 1709 463 1774 militum
490 1710 575 1794 quod
604 1710 775 1795 heberent,
807 1710 848 1774 sd
875 1730 933 1774 vos
956 1707 1008 1774 de-

78 1814 186 1860 uceren

513 1990 551 2060 Β.

122 2110 177 2167 Sor.
197 2110 333 2168 Luceriae
350 2113 443 2169 medio
461 2129 556 2169 mense
572 2111 724 2169 Februario
743 2127 768 2166 c.
787 2129 814 2166 u.
833 2127 857 2168 e.
878 2113 938 2166 706.

92 2215 143 2275 ΟΝ.
161 2219 316 2276 MAGNUS
333 2217 483 2307 PQS.
502 2219 529 2276 S.
548 2219 581 2276 D.
596 2219 628 2275 L.
646 2215 803 2274 DOMITIO
821 2213 973 2319 PQS.

118 2327 221 2394 Valde
249 2329 350 2394 miror
375 2333 408 2394 be
435 2329 476 2394 od
505 2351 556 2394 me
578 2327 662 2394 nihil
685 2327 822 2393 scribere
845 2329 879 2392 ei
900 2325 1036 2411 potius¹

64 2412 98 2476 cb
126 2417 196 2482 aliis
246 2439 322 2482 uam
404 2423 437 2484 le
470 2415 728 2502 de„re‚..publica
750 2416 1016 2494 mencertiorem,

63 2439 504 2602 ngqmu
526 2527 620 2591 peres
643 2503 826 2571 adversario
850 2526 919 2570 esse
942 2525 1010 2570 non

64 2608 235 2669 possumus:
272 2596 447 2661 contractis
479 2596 598 2661 nostris
631 2594 732 2679 copiis
764 2614 860 2678 spero
888 2615 950 2659 nos
977 2596 1010 2659 eb

64 2679 101 2742 rei
133 2683 282 2766 publicae
318 2686 351 2747 et
386 2683 550 2749 communi
585 2683 682 2748 saluti
718 2682 869 2768 prodesse
904 2705 1009 2768 posse.

66 2762 281 2854 Quamobrem,
304 2771 663 2870 quwsfiffimm
685 2775 723 2836 ub
745 2769 907 2836 Vibullius
930 2771 1010 2836 mihi

65 2857 232 2942 scripserat,
255 2882 283 2924 u.
306 2860 336 2924 d.
358 2879 390 2925 v.
412 2857 459 2924 Id.
475 2859 567 2925 Febr.
590 2856 733 2925 Corfinio
755 2859 915 2943 proficisci
936 2880 1010 2924 oum

66 2948 190 3012 exercitu
205 2949 239 3012 eb
259 2947 300 3011 ed
322 2969 374 3014 me
395 2948 515 3034 venire,
536 2947 644 3030 miror,
667 2947 744 3032 quid
767 2968 881 3012 ceusee
903 2947 1011 3030 fuerit,

66 3049 150 3111 quere
172 3036 344 3102 consilium
360 3037 509 3101 mobaris:
530 3058 608 3102 nam
621 3035 678 3100 illc
691 3056 798 3118 cause,
820 3056 917 3121 quem
930 3035 1011 3100 mihi
1049 3069 1052 3076 ·

66 3111 215 3189 Vibullius
238 3125 364 3210 scribit,
394 3125 473 3190 levis
502 3127 566 3209 est,
596 3127 629 3189 be
656 3127 827 3211 propterea
849 3126 1011 3188 moratum

83 3363 86 3368 Ι
123 3296 173 3368 Ep.
192 3301 235 3368 A,
258 3306 284 3353 3.
315 3298 429 3354 Excidit
451 3299 511 3368 ipsc
528 3303 618 3353 cutem
635 3298 752 3364 sortasse
766 3297 856 3364 possit
874 3297 942 3366 (W.)
961 3297 1011 3352 aul

66 3366 142 3422 odeo
158 3371 230 3439 ipsc,
248 3375 280 3424 ut
295 3371 382 3439 possit
401 3369 534 3437 (Bdchel,
553 3369 602 3424 sed
619 3369 675 3438 ille)
695 3365 821 3423 simileve
840 3367 956 3438 aliquid.
976 3397 1009 3407 -

66 3448 123 3500 Μ
138 3457 184 3510 epo
201 3441 287 3496 dubio
306 3440 343 3507 (b.
363 3471 395 3480 -
415 3456 449 3494 cx
468 3440 546 3509 Z.?)‘l
581 3445 607 3493 4.
635 3443 715 3508 atque
732 3439 814 3492 ctiam
831 3438 891 3510 (ph.
909 3439 1011 3507 mom),

66 3509 185 3576 Svidec,
204 3511 233 3567 0.
254 3511 321 3580 (W.)
346 3513 397 3566 aut
419 3515 499 3580 olores
516 3512 593 3577 ium,
614 3514 646 3565 ct
663 3527 687 3566 o.
708 3508 736 3565 0.
757 3507 833 3580 (On).
866 3539 901 3550 -
932 3525 1011 3566 arena

67 3589 123 3642 luae
139 3583 186 3651 (W
187 3585 212 3650 .).
232 3599 270 3648 o.,
287 3599 311 3651 q.
331 3583 426 3652 vulgo.

110 3667 219 3712 blceronls
233 3671 296 3721 episc
310 3671 343 3711 IL
813 3672 848 3722 19
