2522 3960
177 249 434 307 EPISTOLARUM
450 252 500 307 AD
519 252 682 308 ATTICUM
699 254 758 310 Vll.
778 261 803 310 2.
821 262 848 310 3.
920 255 986 318 227

57 393 201 478 diligentia
232 419 302 461 sum
335 398 452 462 mirum
480 397 515 462 in
546 399 678 464 modum
708 399 893 465 delectatus.
937 399 987 466 Ac

56 483 172 564 primum
192 485 281 568 illud,
303 485 339 550 in
353 507 416 571 quo
433 490 465 550 te
479 485 677 552 Dicaearcho
701 489 850 553 assentiri
872 510 986 574 negas:

56 571 104 634 etsi
122 573 320 656 cupidissime
343 575 519 658 expetitum
542 599 561 640 u
586 578 710 641 maest
732 580 766 640 et
787 577 987 662 approbante

55 663 86 742 le,
104 681 140 724 ne
161 661 280 726 diutius
303 683 390 727 anno
413 664 449 726 in
469 665 637 748 provincia
654 685 765 749 essem,
787 669 897 730 tamen
918 687 987 731 non

55 751 92 811 est
115 753 220 814 nostra
247 753 453 816 contentione
482 753 674 835 perfectum
710 753 755 818 sie
783 753 869 818 enim
896 755 988 837 scito,

55 837 165 902 uerbum
190 839 226 902 in
254 843 368 904 senatu
399 840 521 904 factum
553 862 622 906 esse
648 863 826 926 numquam
854 842 893 923 de
919 842 986 907 ullo

54 929 187 1011 nostrum,
210 928 266 1012 qui
287 929 470 1013 provincias
485 929 692 1014 obtinuimus,
715 951 778 1014 quo
800 931 836 994 in
856 929 896 994 iis
919 929 987 994 diu·

53 1014 103 1078 tius
123 1037 215 1099 quam
239 1038 280 1080 ex
301 1020 432 1083 senatus
454 1019 601 1084 consulto
624 1039 842 1102 maneremus,
863 1020 902 1082 ut
922 1019 987 1083 iam

53 1123 84 1166 nc
102 1104 188 1169 istius
211 1105 340 1188 quidem
362 1105 409 1170 rei
422 1107 551 1190 eulpam
573 1108 760 1191 sustineam,
781 1107 987 1191 quodminus

53 1190 94 1254 diu
113 1193 226 1278 fperim
247 1195 283 1258 in
305 1195 480 1279 provincia,
502 1217 599 1280 quam
620 1196 759 1260 fortasse
780 1195 879 1259 fuerit
901 1195 988 1259 utile.

52 1277 101 1370 Sed
128 1282 226 1366 ,quid
251 1283 278 1347 si
299 1282 363 1348 hoc
389 1283 549 1348 melius?“
585 1305 680 1368 saepe
712 1287 893 1368 opportune
926 1283 1015 1348 dieis

52 1369 171 1454 adeun,
200 1371 294 1436 utin
316 1371 487 1456 hocipso:
524 1371 590 1437 sive
613 1373 699 1437 enim
722 1372 764 1436 ad
786 1372 989 1438 concordiam

52 1479 91 1520 res
103 1459 213 1524 adduci
235 1462 344 1543 potest
364 1460 430 1525 sive
445 1460 485 1524 ad
500 1461 660 1526 bonorum
672 1461 850 1545 victoriam,
872 1461 988 1525 utrius-

51 1545 88 1609 vis
107 1547 151 1611 rei
172 1569 224 1614 mc
247 1552 305 1614 aut
327 1548 506 1614 adiutorem
527 1549 624 1614 velim
642 1571 711 1614 esse
735 1552 792 1614 aut
814 1552 899 1613 certe
921 1570 990 1613 non

51 1639 209 1720 expertem,
242 1636 295 1700 sin
324 1637 499 1703 vincuntur
530 1637 622 1722 boni,
653 1637 845 1721 ubicumque
877 1658 990 1720 essem,
1015 1661 1018 1668 ·

51 1744 103 1786 una
127 1746 198 1790 cum
225 1725 265 1790 iis
294 1726 398 1791 victus
430 1747 547 1791 essem:
579 1746 678 1809 quare
710 1726 855 1792 celeritas
886 1725 989 1791 nostri

50 1811 153 1878 reditus
177 1807 419 1898 ἀμεταμέλητος
441 1815 536 1879 debet
556 1836 633 1879 esse.
670 1813 763 1891 Quod
777 1815 805 1879 si
818 1815 881 1878 ista
894 1814 989 1878 nobis

51 1901 188 1985 cogitatio
211 1901 251 1966 de
274 1903 438 1987 triumpho
464 1903 583 1968 iniecta
612 1924 680 1968 non
702 1905 799 1987 esset,
830 1923 927 1986 quam
953 1905 990 1966 tu

51 2009 160 2074 quoque
192 1991 366 2075 approbas,
401 2013 442 2056 ne
468 1995 506 2056 tu
532 1990 619 2056 haud
646 1992 785 2056 multum
812 1991 990 2074 requireres

51 2076 126 2142 ilum
146 2079 266 2161 virum,
292 2080 348 2165 qui
374 2080 409 2143 in
432 2083 522 2145 sexto
549 2079 632 2146 libro
659 2079 852 2144 informatus
875 2080 925 2141 est
947 2112 990 2123 -

52 2166 113 2248 quid
133 2167 221 2232 enim
247 2167 308 2232 tibi
336 2168 467 2252 faciam,
499 2168 553 2252 qui
580 2168 653 2233 illos
680 2167 780 2232 libros
807 2163 990 2231 devorasti?

51 2279 95 2318 -:
124 2255 203 2340 quin
234 2276 321 2321 nune
352 2257 459 2341 ipsum
489 2278 557 2321 non
584 2255 738 2322 dubitabo
769 2275 838 2318 rem
864 2255 991 2318 tantam

50 2341 185 2427 abiicere,
216 2344 245 2409 si
276 2344 309 2408 id
336 2345 398 2410 erit
425 2346 556 2429 rectius3
593 2349 765 2427 utrumque
791 2363 867 2408 vero
896 2341 991 2406 simul

50 2432 92 2515 agi
112 2455 179 2499 non
201 2435 319 2517 potest,
345 2436 377 2498 et
400 2433 439 2498 de
461 2432 625 2517 triumpho
649 2431 817 2498 ambitiose
840 2432 873 2495 et
895 2430 934 2495 de
956 2449 991 2494 re

50 2520 163 2600 publica
185 2521 294 2586 libere.
339 2519 411 2586 Sed'
424 2542 465 2586 ne
486 2522 652 2604 dubitaris,
674 2521 762 2606 quin,
784 2519 870 2605 quod
891 2518 991 2584 hone·

50 2607 130 2692 stius,
160 2610 194 2675 id
223 2610 304 2675 mihi
329 2609 476 2674 futurum
503 2610 545 2674 sit
572 2610 748 2693 antiquius:
784 2629 873 2693 nam,
905 2607 1018 2692 quod⁸

50 2699 130 2776 putas
160 2698 274 2763 utilius
307 2719 376 2763 esse
403 2698 455 2763 vel
485 2698 579 2782 mihi,
610 2698 695 2782 qnod
725 2697 828 2762 tutius
855 2697 910 2780 sit,
940 2696 993 2760 vel

50 2783 134 2851 etiam
156 2787 254 2852 utrei
276 2786 423 2870 publicae
445 2785 597 2870 prodesse
619 2785 749 2870 possim,
771 2807 822 2849 me
836 2806 905 2849 esse
919 2805 993 2848 cnm
1120 2792 1126 2802 “

51 2870 186 2959 imperio,
208 2874 242 2938 id
265 2895 374 2939 coram
396 2873 669 2938 considerabimus
692 2874 786 2958 quale
808 2872 864 2956 sit3
894 2871 994 2936 habet

50 2961 122 3026 enim
142 2984 196 3028 res
220 2962 497 3045 deliberationem,
527 2962 588 3027 etsi
611 2984 650 3026 ex
677 2965 768 3047 parte
791 2980 911 3044 magna
932 2958 993 3023 tibi

49 3051 188 3117 assentio.
217 3048 267 3116 De
286 3051 394 3116 animo
417 3053 525 3115 autem
547 3071 619 3115 meo
642 3071 720 3134 erga
740 3070 809 3115 rem
830 3047 994 3132 publicum

109 3242 159 3313 Ep.
178 3249 203 3312 Β,
224 3250 249 3298 1.
280 3259 377 3312 nepus.-
394 3245 444 3297 etsi
461 3243 538 3316 (W),
566 3259 604 3309 a,
621 3259 641 3298 e.
661 3242 756 3311 vurlgo.
783 3271 816 3280 -
848 3239 904 3293 eee'o
922 3237 993 3307 (Fal

51 3313 596 3436 2.caepeo.d.o.,utia(Zb.,mp,l.
618 3311 808 3380 resecent).
837 3309 897 3364 Om.
916 3323 995 3376 saepe

49 3378 130 3450 llltl,
150 3382 229 3452 Oxx,
247 3381 280 3437 B.
316 3399 378 3451 opp.
397 3384 423 3438 d.
441 3400 466 3438 o.
485 3385 517 3437 io
557 3397 657 3453 opmac
676 3381 756 3450 conj,
779 3381 810 3434 B.
830 3408 864 3419 -
891 3378 994 3446 facicm

49 3451 153 3523 (vulgo),
184 3460 289 3509 taceam
310 3453 413 3508 Moseri
436 3452 517 3523 conj,
540 3453 571 3506 Β.
626 3458 650 3506 3.
683 3467 736 3506 erse
757 3451 798 3504 oel
820 3451 900 3517 mihi,
923 3449 995 3519 qood

50 3523 154 3602 (Vulgo).
172 3541 202 3592 a,
215 3541 240 3580 v.
254 3541 290 3579 m.
304 3540 357 3593 quo
370 3523 465 3578 MltB.
484 3554 519 3564 —
538 3523 655 3578 motatio
674 3521 721 3590 (0.,
740 3520 799 3590 Ml,
816 3519 886 3589 Rl).
905 3535 994 3576 ossea-

49 3595 95 3646 tar
112 3595 181 3664 (Mn,
203 3595 264 3665 Bp?
903 3653 908 3662 .

781 3678 835 3733 1⁶*
