2574 3966
256 215 323 282 446
542 214 580 270 M.
600 213 723 268 TULLII
740 210 930 268 CICERONIS
1039 229 1048 234 ·

257 359 410 425 audacter
432 358 665 424 communicem
688 379 784 442 quam
806 361 922 421 tecum.
968 355 1003 422 Si
1025 357 1085 422 tibi
1105 378 1159 440 res,
1178 357 1200 422 si

257 450 356 532 locus,
379 468 407 512 ιι
398 447 512 511 instit
513 449 605 512 utum
618 446 733 530 placet,
754 445 836 530 lege,
856 466 986 530 quaeso,
1007 445 1201 531 legemmibi-

241 557 320 620 que
343 557 415 600 eam
436 536 542 601 mitte:
565 535 592 600 si
614 534 738 618 quidm
751 537 893 598 mentem
913 535 1034 618 veniet,
1056 534 1202 618 quomodo

231 644 329 689 seam
351 624 492 709 effugere
514 624 684 707 possimus,
705 626 841 687 utemur.
868 621 921 686 Ad
935 621 1118 686 Brutum
1095 643 1121 687 ιι
1137 623 1203 706 quid

258 713 387 797 scribes,
409 712 474 777 nisi
496 711 638 776 alienum
660 710 804 794 putabis,
827 709 999 796 obiurgato
1023 733 1107 794 eum,
1129 711 1205 795 quod

257 803 292 866 in
307 799 453 866 Cumano
467 821 537 866 csse
550 800 691 865 noluerit
712 802 845 884 propter
867 820 938 863 eam
959 819 1099 882 causam,
1120 821 1206 883 quam

256 890 318 955 tibi
350 890 443 973 dixit,
474 888 631 973 cogitanti
659 888 745 952 enim
772 887 852 952 mihi
880 885 964 951 nihil
993 891 1063 951 tam
1094 888 1207 953 videtur

257 978 401 1062 potuisse
423 977 529 1042 lacere
552 975 679 1041 rustice.
706 974 760 1060 ut,
782 976 809 1039 ai
822 975 883 1041 tibi
904 975 1048 1059 placebit
1063 975 1110 1042 sio
1124 997 1207 1062 agere

259 1067 298 1132 de
320 1066 412 1151 fano,
442 1069 480 1130 ut
506 1064 683 1149 coepimus,
713 1065 808 1128 velim
836 1063 1003 1129 cohortere
1027 1068 1061 1128 et
1084 1085 1208 1129 exacuas

259 1153 434 1238 Cluatium3
464 1175 555 1238 nam,
587 1153 713 1218 etiamsi
745 1153 809 1217 alio
840 1152 912 1218 loco
944 1152 1103 1236 placebit,
1133 1153 1209 1217 illius

257 1244 353 1308 nobis
367 1264 465 1327 opera
478 1242 675 1326 consilioque
693 1241 850 1306 utendum
871 1245 960 1326 puto.
989 1239 1040 1306 'l'u
1054 1241 1096 1306 ad
1110 1242 1208 1306 villam

258 1332 396 1398 fortasse
418 1351 497 1396 cras.

656 1523 824 1588 XXXVII.

431 1644 488 1698 Sor.
507 1645 621 1700 ineunte
640 1661 734 1700 mense
752 1643 828 1698 Maio
851 1660 875 1698 a.
895 1662 920 1698 u.
941 1661 963 1698 c.
985 1649 1045 1698 709.

529 1749 678 1806 CICERO
694 1748 845 1804 ΑΤΤΙΟΟ
863 1748 946 1804 ΒΑΕ.

232 1880 244 1920 ι
324 1857 410 1924 Ate
433 1858 504 1923 heri
526 1859 605 1924 duas
628 1858 781 1942 epistolas
804 1859 926 1942 accepi,
958 1858 1095 1923 alteram
1117 1857 1210 1942 pridie

259 1948 368 2014 datam
390 1946 514 2032 Hilaro,
536 1948 670 2012 alteram
693 1947 805 2012 eodem
821 1946 871 2011 die
893 1947 1074 2031 tabellario,
1098 1946 1211 2031 accepi·

259 2059 321 2122 que
343 2036 385 2101 ab
399 2036 549 2122 Aegypta
570 2035 687 2101 liberto
707 2035 820 2100 eodem
833 2034 885 2098 die
897 2033 1014 2099 Piliam
1029 2040 1063 2099 et
1075 2035 1211 2100 Atticam

258 2127 354 2210 plane
376 2125 521 2190 belle-se
546 2124 680 2207 habere,
706 2145 788 2208 quae
815 2123 941 2188 litterae
969 2123 1049 2187 mihi
1072 2124 1209 2188 redditae

260 2218 336 2279 sunt
361 2214 458 2280 tertio
486 2212 609 2279 decimo
637 2211 698 2277 die.
742 2210 835 2287 Quod
864 2211 945 2276 mibi
966 2210 1062 2276 Bruti
1084 2212 1212 2294 litteras,

259 2306 400 2388 gratum:
423 2301 464 2366 ad
486 2322 538 2366 me
561 2321 687 2385 quoque
710 2300 811 2384 misit,
833 2321 904 2365 eam
924 2301 1028 2384 ipsam
1042 2299 1084 2364 ad
1098 2306 1132 2365 te
1154 2301 1211 2384 epi·

259 2392 377 2455 stolam
390 2390 462 2455 misi
477 2393 510 2454 et
524 2389 565 2454 ad
579 2411 649 2453 eam
664 2390 843 2473 exemplum
861 2410 1005 2453 mearum
1028 2389 1211 2454 litterarum.

232 2478 308 2544 aDe
330 2478 418 2562 sano,
441 2479 468 2543 si
490 2477 572 2542 nihil
594 2477 675 2544 mihi
696 2476 865 2543 hortorum
885 2476 1068 2541 invenis-
1082 2477 1211 2561 quiqui·

259 2564 332 2630 dem
353 2566 415 2630 tibi
436 2566 622 2632 inveniendi
645 2568 734 2649 sunt,
761 2566 789 2630 si
810 2586 862 2631 me
884 2565 969 2629 tanti
991 2563 1082 2649 facis,
1105 2566 1212 2650 quanti
1274 2585 1275 2646 g

259 2656 344 2718 certe
366 2653 448 2720 sacis
466 2689 520 2739 -,
540 2654 633 2719 valde
655 2653 758 2738 probo
780 2653 941 2718 rationem
961 2655 1054 2718 tuam
1077 2652 1116 2718 de
1140 2653 1212 2719 Tus-

259 2743 390 2807 culano:
422 2741 568 2826 quamvis
595 2742 736 2827 prudens
760 2741 800 2806 ad
824 2741 1032 2827 cogitandum
1055 2741 1113 2825 sis,
1137 2743 1213 2808 sicut

259 2851 304 2915 es,
324 2833 444 2915 tamen,
464 2829 529 2894 nisi
552 2851 689 2916 magnae
713 2851 807 2895 curae
826 2830 888 2895 tibi
901 2833 995 2914 esset,
1016 2834 1054 2895 ut
1068 2850 1131 2916 ego
1145 2852 1212 2896 con-

260 2939 409 3004 sequerer
431 2918 477 3003 id,
509 2918 595 3001 quod
616 2939 737 3004 magno
761 2939 856 3002 opere
882 2918 1012 3003 vellem,
1042 2939 1212 3004 numquam

260 3028 299 3072 ea
320 3028 372 3072 res
393 3007 455 3071 tibi
476 3007 544 3070 tam
571 3005 655 3071 belle
681 3007 717 3071 in
743 3008 884 3072 mentem
910 3007 1019 3071 venire
1046 3008 1213 3093 potuisset,

331 3193 382 3268 Ep.
403 3205 445 3266 36,
467 3205 490 3254 1.
518 3215 600 3270 queam
618 3197 817 3266 tecamworr„
834 3197 874 3266 1.).
899 3199 1111 3269 qaanteMIq
1092 3217 1213 3270 qqucm

261 3267 346 3335 teu,
356 3217 512 3339 vulgdm-
540 3269 574 3325 Sa
591 3270 643 3324 tsbs
661 3268 777 3339 (vulo)
802 3269 1019 3325 eiatibiMRl.
1069 3287 1102 3325 m
1119 3271 1212 3326 trbsB

261 3287 813 3409 Ep.ir,1.g,aaoereqaae.z(zl.)..;h
829 3341 916 3395 boel.
936 3340 1025 3410 (Zb)?
1050 3341 1214 3397 boberattue
1271 3331 1272 3348 ¹

262 3407 358 3462 l..M1
376 3357 647 3465 subacturus
673 3411 817 3492 11111191.
835 3410 895 3478 ΒΙ,
915 3409 983 3466 Oxx
1002 3411 1027 3465 1
1047 3410 1211 3481 [Tucci.

262 3477 401 3602 m,
354 3496 401 3544 ιιι,
426 3478 465 3545 Β.,
494 3479 542 3534 sed
560 3480 659 3536 hic-
678 3483 711 3536 ut
728 3481 836 3552 opinor,
854 3497 946 3538 errore
964 3481 1140 3551 quodam-
1156 3489 1214 3540 taor
