2522 3960
226 202 484 272 unssonsauu
501 215 551 272 so
569 214 734 272 seusun
751 215 798 271 v1.
819 223 841 271 ι.
947 215 1009 282 197

65 356 206 424 cohortes
241 358 529 446 quadringenarias
569 365 682 427 nostra
724 365 888 428 armature
922 379 1011 444 m,

65 446 200 529 equitum
237 463 290 514 οπο
328 465 395 514 010:
432 449 493 514 erit
528 449 570 514 ed
605 451 865 534 sustentandum,
906 450 1011 534 quoad

64 532 228 619 Pompeius
250 536 372 620 veniet,
404 538 460 621 qui
485 538 615 622 littoris,
647 560 727 623 ques
757 539 797 604 ad
824 559 876 604 me
902 539 1012 622 mittit,

65 622 216 708 signifieat
242 647 338 692 suum
363 626 532 712 negotium
557 627 638 692 illud
668 627 747 692 fore.
791 625 947 692 Hiemont
977 626 1013 691 in

64 715 168 776 nostm
194 713 362 799 provincia
388 713 515 798 Parthi3
547 718 752 800 exspectatur
776 715 846 800 ipse
874 714 1011 780 Orodes:

65 799 134 883 qnid
164 800 313 885 quoeris?
348 803 550 886 aliquantum
577 807 627 868 est
652 803 784 890 negotii.
825 803 875 868 Do
902 803 1012 868 Bibuli
1027 820 1052 862 α

65 887 172 974 edicto,
206 889 291 954 nihil
321 892 399 957 novi
428 896 557 976 prester
586 893 677 956 illam
707 892 942 977 exceptionem,
973 891 1013 956 de

66 998 121 1058 que
142 981 177 1042 tu
200 978 241 1042 ad
264 1000 315 1042 me
339 979 526 1064 scripseras:
561 981 681 1064 „nimis
704 981 796 1066 gravi
817 979 1012 1065 praeiudicio

66 1064 96 1128 in
116 1066 260 1131 ordinem
282 1067 458 1132 nostrumf‘
500 1067 574 1154 Ego
597 1073 708 1134 temen
728 1068 833 1134 habeo
858 1069 1014 1133 ἰσοδυνα-

66 1153 201 1235 μνῦααν,
234 1155 290 1220 sed
317 1156 497 1242 tectiorem,
529 1179 568 1222 ex
589 1157 627 1234 Q.
650 1156 762 1241 Mucii,
789 1156 823 1222 P.
845 1157 879 1242 f.,
909 1156 1013 1222 edicto
1040 1184 1043 1190 ¹

66 1239 214 1327 Amfion,
246 1261 360 1310 sucus
392 1263 488 1322 oven
520 1262 551 1311 s1
579 1263 638 1311 m
667 1263 846 1312 ussonvu
877 1261 1015 1312 onssvu

66 1343 135 1413 sss,
156 1350 203 1396 vc
232 1349 277 1398 no
306 1349 406 1398 scam
432 1350 504 1400 nou
532 1351 712 1400 oronruar
739 1353 785 1400 ux
806 1351 888 1400 amn
910 1351 1015 1418 sons,

67 1419 219 1504 multaque
253 1443 325 1486 sum
354 1425 482 1488 secutus
509 1420 694 1506 Scaevolae,
724 1424 761 1488 in
786 1424 826 1489 iis
853 1422 948 1506 illud,
979 1423 1015 1487 in

68 1508 205 1587 quesibi
226 1509 409 1576 libertatem
428 1514 561 1578 censent
574 1509 689 1578 Graeci
710 1512 829 1595 duum,
850 1516 889 1577 ut
901 1509 1015 1576 Graeci

68 1593 143 1660 inter
180 1619 216 1662 se
257 1597 438 1682 disceptent
473 1600 539 1664 suis
578 1601 714 1685 iegibus.
762 1599 866 1667 Breve
906 1602 1015 1666 entem

69 1681 196 1750 edictum
225 1690 276 1750 est
301 1690 434 1770 propter
459 1688 545 1754 hene
578 1710 685 1755 meum
717 1689 897 1773 διαίρεσιν,
925 1687 1015 1772 quod

69 1771 100 1834 de
128 1771 251 1838 duobus
288 1775 459 1860 generibus
491 1776 681 1842 edicendum
711 1778 836 1862 putavi,
877 1798 1015 1860 quorum

70 1880 159 1926 unum
190 1866 241 1927 est
275 1864 485 1948 provinciale,
520 1867 556 1930 in
587 1888 651 1950 quo
684 1870 733 1932 est
765 1865 803 1929 de
834 1865 1015 1930 rationibus

70 1947 233 2034 civitatum,
256 1951 294 2015 de
317 1973 390 2017 aere
413 1953 532 2036 alieno,
555 1954 594 2018 de
617 1976 727 2038 usura,
750 1954 789 2019 de
813 1952 1016 2039 syngraphis,

71 2034 100 2100 in
119 2037 227 2103 eodem
250 2040 359 2104 omnis
382 2041 420 2106 de
443 2041 638 2126 publicanis,
665 2043 814 2126 ulturum,
837 2040 924 2127 quod
946 2041 1015 2104 sine

72 2123 163 2190 edicto
187 2127 267 2192 satis
290 2129 455 2194 commode
478 2131 615 2217 transigi
635 2153 702 2196 non
725 2133 841 2215 potest,
864 2129 1015 2193 dehere

72 2209 196 2280 diuum
219 2216 487 2302 possessionibus,
509 2218 548 2284 de
570 2219 665 2284 bonis
689 2213 915 2304 [possidendis]
939 2237 1015 2282 ven·

72 2297 184 2387 tendis,
228 2303 393 2390 magistris
433 2306 603 2392 faciendis,
648 2327 730 2390 quae
766 2328 805 2371 ex
842 2304 945 2371 edicto
983 2308 1016 2370 et

73 2392 214 2469 postulari
247 2397 280 2457 et
309 2392 380 2458 fieri
411 2395 530 2479 solent3
560 2397 692 2461 tertium
723 2395 762 2460 de
794 2394 918 2478 reliquo
946 2395 1015 2460 iure

73 2474 196 2546 dicundo
228 2475 384 2566 ἄγραφον
414 2484 542 2568 reliqui:
579 2484 645 2549 dixi
675 2505 727 2549 me
759 2483 798 2548 de
830 2505 869 2549 eo
899 2504 1015 2568 genere

74 2584 134 2630 nee
161 2569 289 2634 decreta
320 2570 362 2634 sd
395 2572 502 2638 edicte
535 2573 659 2638 urbane
690 2572 1015 2639 accommodemrum.

74 2649 172 2739 Itaque
204 2679 282 2723 curo
314 2663 347 2724 et
376 2660 540 2727 satisfacio
568 2661 673 2726 adhue
700 2661 859 2726 omnibus.
903 2657 1016 2725 Graeci

74 2760 138 2808 soro
159 2747 334 2832 emultsnt,
366 2749 451 2832 quod
480 2750 659 2835 peregrinis
686 2750 844 2816 iudicibus
871 2751 1016 2814 utuntur.

75 2826 299 2917 „Nugatoribus
323 2836 479 2920 quidem,“
500 2838 635 2922 inquies.
667 2836 751 2914 Quid
764 2837 885 2902 refert?
906 2841 1016 2901 tamen

76 2935 103 2980 se
122 2915 323 3007 αὐτονομίαν
346 2924 479 3010 adeptos
502 2930 633 3011 putaut3
661 2926 760 2992 vestri
787 2927 887 3009 enim,
913 2924 1017 3008 credo,

75 3024 174 3105 graves
196 3011 321 3076 hebent
334 3011 537 3117 Turpionem·
547 3015 707 3080 sutorium
721 3018 754 3116 et
766 3013 914 3116 Vettium
927 3031 1016 3076 men·

75 3112 173 3250 titt·
195 3097 1017 3276 13⁰eiiiiifflititigssistdittdssffltii3
1031 3117 1057 3157 ¹⁶

75 3268 178 3359 efficio,
212 3297 255 3340 ne
287 3277 339 3341 cui
374 3278 502 3343 molesti
539 3279 613 3344 sint.
661 3273 706 3344 Τὸ
738 3272 1018 3362 παραδοξότατον,

136 3481 183 3553 Ep.
196 3491 218 3554 1,
234 3492 275 3540 15.
294 3487 391 3553 edicto,
403 3503 431 3542 α.
451 3487 507 3556 (Or.
522 3489 562 3554 1,).
582 3504 603 3543 e.
621 3505 649 3542 ν.
668 3488 700 3542 Β.
720 3515 753 3526 -—
773 3489 845 3556 qaod
862 3488 895 3542 de
912 3487 1018 3542 dectus

79 3545 140 3620 (W).
157 3571 180 3624 q.
198 3557 304 3612 duobus
322 3558 415 3628 vulgo.
435 3587 470 3599 -
488 3559 587 3613 hadent
604 3557 636 3613 T.
657 3558 732 3628 (W).
751 3558 787 3624 h„
808 3557 838 3614 Τ.
859 3559 982 3628 (vulgo)?
