2614 3972
266 212 334 280 554
553 212 590 268 M.
610 211 733 268 TULLII
750 210 941 268 CICERONIS

267 355 377 422 Sicilia
398 357 596 422 frumentum
619 357 791 423 emendum
804 360 837 422 et
850 356 892 421 ad
906 357 1021 422 urbem
1034 355 1227 420 mittendum

266 448 426 510 curarent.
471 443 498 512 Ο
519 466 588 509 rem
609 445 772 510 miseram!
794 446 936 530 primum
958 445 1061 509 ullam
1083 445 1124 510 ab
1147 443 1227 526 istiu,

267 533 351 616 dein,
373 534 564 618 aialiquam,
584 533 670 598 hanc
687 535 879 619 legatoriam
898 533 1115 619 provinciam!
1139 533 1227 616 atqui

266 621 355 687 haud
377 623 443 687 seio
466 645 510 700 an
531 622 645 688 melius
669 622 712 686 sit
734 645 832 706 quam
855 622 896 687 uu
918 621 1078 688 Eurotam
1101 620 1226 703 sedere,

268 710 325 776 sed
347 709 428 776 haee
451 732 544 775 naeus
566 709 769 796 gubernabit.
802 710 861 774 Ait
882 714 992 775 autem
1013 710 1128 776 eodem
1151 712 1227 774 tem·

267 820 346 884 pore
372 799 535 864 decretum
561 799 615 883 iri,
645 801 683 863 ut
712 804 745 863 et
770 799 811 864 iis
837 802 871 863 et
896 799 1030 882 reliquis
1056 798 1227 883 praetoriis

266 887 451 971 provinciae
472 886 697 952 decernantur:
719 887 782 952 hoe
804 891 891 952 uerte
913 887 1028 952 melius
1051 907 1152 971 quam
1174 886 1229 950 illa

267 971 415 1060 Περσικὴ
436 976 593 1059 porticus,
614 977 691 1041 nolo
710 977 797 1040 enim
815 975 1101 1059 Lanedaemonem,
1123 975 1227 1054 'slon-

267 1064 389 1150 ginquo
422 1086 520 1149 quom
550 1063 733 1129 Lanuvium
764 1065 969 1129 existimavit.
1003 1062 1151 1149 „Ridee“,
1182 1064 1227 1128 in·

267 1153 366 1237 quiea,
388 1153 446 1238 „in
467 1153 587 1218 talibus
609 1151 750 1218 rebus?“
785 1152 869 1229 Quid
890 1151 1032 1218 faeiem?
1067 1152 1226 1238 plorando

239 1241 372 1306 afessus
394 1263 475 1306 snm,
501 1241 545 1306 Di
567 1242 779 1307 immortales!
802 1263 900 1326 quam
921 1263 973 1306 me
996 1241 1226 1306 conturbatum

265 1330 372 1395 tenuit
394 1330 549 1414 epistolae
571 1334 646 1395 tuae
669 1331 758 1415 prior
778 1329 923 1416 pagina?
955 1329 1010 1414 qni
1033 1333 1145 1395 autem
1167 1332 1225 1395 iste

266 1419 302 1482 in
328 1419 424 1484 domo
454 1423 513 1484 tua
543 1441 636 1484 casus
668 1418 853 1484 armorum?
889 1419 946 1484 sed
976 1418 1065 1483 hune
1097 1419 1225 1504 quidem

266 1507 413 1572 nimbum
445 1507 509 1572 cito
535 1508 691 1572 transisse
717 1509 829 1574 laetor.
873 1507 924 1572 Tu
951 1506 1028 1591 qnid
1055 1508 1163 1593 egeris
1192 1508 1226 1572 de

265 1600 324 1660 tua
347 1617 445 1680 quum
467 1597 563 1680 tristi,
585 1599 655 1661 tum
669 1597 766 1662 etiam
780 1596 904 1660 difficili
925 1597 966 1660 ad
989 1596 1225 1662 consiliandum

266 1683 438 1768 legatione,
460 1685 666 1750 vehementer
690 1689 853 1770 exspeet03
876 1689 926 1750 est
943 1684 1031 1750 enim
1051 1683 1224 1768 inexplica-

266 1771 353 1836 bilis:
384 1772 432 1836 ita
458 1772 726 1838 circumsedemur
752 1775 853 1858 eopiis
876 1773 1035 1838 omnibus.
1080 1772 1136 1838 Me
1160 1773 1224 1857 qui·

266 1861 339 1925 dem
365 1858 460 1925 Bruti
485 1861 626 1946 litterae,
658 1883 737 1946 quas
765 1862 909 1927 ostendis
931 1883 951 1926 a
972 1867 1006 1926 te
1033 1863 1151 1946 lectas,
1180 1861 1224 1925 ita

266 1951 510 2035 perturbarunt,
531 1954 584 2034 ut,
606 1953 801 2035 quam'quam
824 1954 900 2014 ante
922 1951 1058 2036 egebam
1081 1951 1224 2032 oonsilio,

265 2043 376 2103 tamen
399 2038 499 2103 animi
521 2038 630 2104 dolore
654 2039 716 2104 sim
738 2039 870 2104 tardior.
915 2037 978 2104 Sed
999 2039 1103 2124 plura,
1126 2059 1224 2123 quum

266 2128 330 2192 ista
353 2148 509 2212 cognoro,
539 2127 602 2192 hoe
629 2132 737 2192 autem
763 2132 908 2212 tempore
936 2125 1022 2211 quod
1051 2127 1223 2192 scriberem

263 2215 348 2280 nihil
370 2219 452 2299 erat,
484 2237 585 2299 eoque
608 2217 732 2300 minus,
763 2216 850 2300 quod
873 2216 1074 2300 dubitabam,
1104 2219 1144 2280 tu
1165 2215 1222 2280 has

265 2304 352 2387 ipsas
365 2305 490 2370 litterae
504 2325 633 2370 essesne
647 2308 845 2388 accepturus,
867 2309 937 2370 erat
957 2305 1043 2371 enim
1055 2305 1222 2386 intertum,

263 2392 434 2456 visurusne
464 2394 498 2455 te
535 2396 619 2457 esset
653 2394 855 2459 tabellarius:
892 2414 952 2480 ego
988 2397 1062 2459 tuae
1098 2393 1222 2460 litterae

263 2480 471 2545 uehementer
493 2484 651 2566 exspecto.

336 2670 389 2741 Ep.
408 2676 434 2740 9,
454 2679 477 2727 1.
510 2674 669 2742 leqatoriam
688 2674 756 2740 (Zb,
773 2673 838 2744 ML,
857 2673 945 2743 011.)⁴
969 2673 1055 2743 †le9.
1074 2674 1104 2728 Β.
1123 2674 1220 2743 ruau-

265 2744 365 2798 toriam
388 2742 469 2820 (eonj.
494 2745 570 2814 apud
586 2743 636 2814 l.)?
668 2745 828 2799 locutorium
851 2745 917 2814 (b.)?
948 2744 1110 2814 leqatariam
1132 2745 1165 2800 a
1188 2775 1218 2784 -

262 2815 312 2870 aad
328 2815 380 2869 boe
395 2829 475 2872 caena
494 2815 581 2885 (ΨΜ
600 2845 634 2856 -
651 2819 670 2882 †
688 2816 706 2869 l.
725 2833 749 2884 q.
768 2816 804 2869 L.
821 2831 843 2869 e.
861 2815 931 2883 (Mn,
951 2815 1008 2882 Zb,
1026 2816 1057 2883 1.,
1076 2813 1156 2883 On,
1174 2815 1219 2870 sed

263 2883 1221 2959 L,0n.‚utM1,quoia,1a‚nonquam).tan9aquuaiam(vu

266 2953 296 3025 l.)
314 2953 348 3011 L.
367 2955 522 3012 exanimati
540 2955 609 3024 (W.;
627 2957 645 3013 t.
665 2955 796 3026 quoniam
812 2956 846 3011 L.
865 2972 887 3011 e.
907 2955 953 3010 Or.
972 2956 1073 3026 conj.)?
1110 2961 1135 3012 2.
1169 2957 1222 3027 Qui

264 3029 356 3080 autem
375 3027 449 3096 (W.).
483 3027 558 3098 Quid
575 3044 601 3083 a.
620 3027 714 3099 vulgo.
747 3057 781 3068 -
812 3028 898 3097 eyeria
916 3028 948 3082 de
965 3032 1015 3082 tua
1034 3027 1129 3096 (Sub).
1163 3044 1186 3082 e.
1204 3033 1220 3080 t.

265 3095 360 3165 vulgo.
378 3127 414 3138 -
431 3112 596 3168 quamquam
612 3099 670 3154 iam
687 3103 752 3156 aute
765 3093 855 3166 (th
881 3127 914 3140 ·—
937 3103 1027 3154 tamea
1044 3115 1119 3156 aaut
1137 3099 1222 3154 animi

263 3165 353 3262 W
399 3183 401 3192 ⁴
