2482 3958
242 219 307 285 348
525 222 562 276 Μ.
582 222 703 278 TULLII
722 223 914 280 CICERONIS

240 363 368 430 Feceris
390 366 492 451 igitur
514 368 681 459 commode
704 367 847 453 mihique
870 371 1017 454 gratim,
1039 370 1066 434 si
1087 391 1134 434 me
1154 369 1186 434 de

240 452 292 518 his
319 454 415 518 rebus
437 458 470 519 et
502 455 530 520 si
558 457 634 540 quid
667 455 729 521 erit
759 456 861 542 uliud,
892 457 979 542 quod
1012 459 1091 523 scire
1117 480 1186 543 opos

242 541 293 625 sit,
314 542 428 608 feceris
451 543 632 610 certiorem:
655 565 716 630 ego
739 545 775 611 in
789 543 920 612 Arcano
943 547 1102 632 opperior,
1122 548 1186 612 dum

239 630 304 694 iste
326 651 495 718 cognosco.

667 827 727 896 111.
741 851 769 896 u

303 948 359 1006 Ser.
378 948 407 1004 in
426 950 536 1006 Arcano
555 966 580 1005 u.
599 949 626 1006 d.
644 949 705 1006 VII.
724 950 790 1006 Idus
809 950 920 1022 Apriles
940 968 964 1006 u
984 970 1011 1007 u.
1031 969 1054 1008 e.
1074 958 1131 1008 tos.

509 1055 658 1112 CICERO
675 1055 826 1112 ATTICO
844 1057 928 1113 SAL.

213 1182 224 1218 1
305 1164 345 1230 A.
372 1166 402 1231 d.
430 1183 488 1231 v11.
519 1165 596 1232 Idus
629 1166 763 1232 alterum
793 1165 856 1232 tibi
886 1167 999 1232 eodem
1032 1168 1083 1233 die
1113 1168 1185 1232 hene

239 1255 409 1339 epistolam
441 1254 573 1339 dictavi,
610 1259 644 1319 et
680 1255 782 1338 pridie
815 1255 966 1320 dederam
996 1278 1070 1322 meo
1100 1278 1185 1320 manu
1232 1313 1233 1334 2

156 1419 157 1424 γ
238 1343 428 1428 longiorem.
460 1342 576 1409 Visum
593 1345 626 1408 te
641 1343 733 1408 siunt
745 1344 780 1408 in
793 1344 893 1430 regis,
914 1365 975 1409 nee
988 1345 1184 1429 reprehendo,
1231 1347 1233 1418 l

239 1431 357 1516 quippe
367 1453 466 1515 quum
480 1432 548 1516 ipse
562 1431 660 1496 istem
668 1433 950 1518 reprehensionem
964 1455 1032 1498 non
1044 1433 1184 1520 fugerim
1231 1437 1233 1510 g

239 1519 294 1584 sed
323 1523 472 1604 exspecto
495 1524 568 1585 tues
597 1521 736 1606 litteras,
766 1542 872 1606 neque
898 1521 964 1586 iam
991 1543 1069 1586 sane
1094 1522 1183 1602 video,

238 1607 315 1692 quid
345 1612 538 1694 exspectem,
569 1609 625 1674 sed
647 1613 770 1694 temen,
802 1610 928 1675 etiamsi
954 1610 1037 1674 nihil
1059 1611 1131 1695 erit,
1157 1609 1182 1673 id

211 1696 347 1779 eipsum
368 1697 410 1761 ud
431 1718 482 1761 me
509 1696 605 1761 velim
629 1698 759 1762 scribes.
804 1695 923 1763 Caesar
949 1699 1029 1763 mihi
1055 1698 1183 1784 ignoscit

236 1805 296 1869 per
316 1783 453 1870 litteras,
476 1786 562 1870 quod
583 1807 652 1850 non
666 1786 817 1871 venerim,
840 1808 971 1870 seseque
985 1787 1021 1851 in
1041 1786 1182 1872 optimam

237 1875 362 1958 purtem
384 1873 418 1938 id
432 1875 575 1960 accipere
589 1873 674 1939 dicit.
701 1873 808 1940 Facile
830 1875 946 1960 patior,
970 1876 1056 1959 quod
1076 1875 1181 1956 seribil,

239 1983 346 2026 seeum
369 1961 498 2028 Tullum
525 1967 558 2027 et
581 1961 727 2028 Servium
753 1967 884 2048 questos
912 1985 995 2048 esse,
1027 1964 1180 2048 quianon

236 2051 323 2116 idem
346 2051 416 2136 sibi,
439 2050 525 2136 quod
547 2051 637 2135 mihi,
658 2051 845 2117 remisisset:
868 2051 1016 2117 homines
1029 2051 1179 2117 ridiculos!

238 2140 303 2224 qui,
325 2161 424 2224 quum
445 2139 529 2205 filios
542 2139 707 2205 misissent
724 2139 765 2204 ed
780 2139 837 2204 Cn.
850 2139 1040 2224 Pompeium
1062 2141 1179 2206 eircum-

239 2228 428 2312 sedendum,
455 2228 518 2312 ipsi
539 2227 575 2294 in
598 2232 745 2294 senatum
767 2229 876 2293 venire
900 2228 1087 2294 dubitarint
1128 2226 1179 2292 Sed

238 2319 348 2381 tomen
369 2317 550 2402 exemplum
571 2316 646 2381 misi
668 2317 709 2381 ed
731 2321 764 2381 te
785 2315 931 2382 Caesaris
953 2318 1136 2400 litterarum.

688 2561 745 2629 IV.

239 2682 295 2739 Ser.
319 2683 349 2739 in
371 2681 495 2740 Cumano
518 2700 544 2739 n.
563 2684 589 2738 d.
614 2683 702 2739 XVII.
725 2683 866 2740 Kalendas
888 2684 979 2740 Melos
1002 2701 1029 2743 e.
1047 2704 1074 2741 u.
1091 2701 1112 2740 n
1130 2687 1177 2738 70⁶.

527 2789 657 2846 CICERO
676 2789 811 2846 ATTICO
831 2789 907 2846 SAL.

211 2915 221 2954 ¹
304 2897 425 2966 Multus
449 2921 469 2964 o
490 2902 523 2964 te
546 2899 655 2984 eooepi
678 2899 829 2982 epistolas
852 2897 965 2963 eodem
988 2900 1053 2982 die,
1084 2915 1176 2965 omnes

238 2988 410 3075 diligenter
432 2988 578 3072 scriptos,
600 3009 672 3052 eum
693 3008 779 3070 vero,
801 3008 884 3071 quae
901 2988 1075 3053 voluminis
1091 2989 1177 3052 insur

236 3099 255 3230 1⁶
256 3075 851 3232 ‘ttdtlssltlffidlulltl
868 3076 1064 3230 ᾞἭ
1075 3077 1176 3230 llll

238 3187 346 3337 qiuare
367 3257 406 3331 ut
426 3253 471 3338 id,
493 3187 599 3338 duond
621 3186 740 3336 lioebid,
761 3251 795 3317 id
817 3185 1005 3337 estfqugddd
1028 3253 1114 3336 scies,
1132 3245 1175 3313 ubi

238 3341 347 3428 simus,
369 3363 467 3426 quem
490 3340 675 3427 saepissime
697 3340 807 3424 facias,
829 3344 861 3404 te
878 3340 1084 3406 vehementer
1104 3355 1174 3420 rogo.

223 3497 274 3552 ¹ep.
292 3496 312 3534 e
329 3481 417 3536 nolim
434 3479 519 3545 (Tru,
530 3481 593 3600 Bp?
621 3479 673 3550 Ep.
685 3488 709 3538 3.
733 3499 817 3550 quum
835 3485 854 3537 ι’.
871 3485 896 3540 t.
915 3486 987 3542 seire
1003 3502 1121 3558 euperem
1134 3483 1170 3550 (1,).

233 3559 296 3598 oum
307 3546 326 3598 i.
337 3547 364 3599 u.
375 3546 473 3599 seiron
481 3545 530 3599 ni
543 3556 552 3613 q
580 3547 613 3615 l).
625 3551 657 3602 oo
668 3549 687 3602 ι’.
699 3549 725 3603 lt.
737 3551 833 3606 scirem
846 3549 915 3617 (Me,
926 3553 1033 3622 sloh„
1044 3551 1169 3622 omnir
