2608 3972
254 217 296 282 38
535 219 572 274 M.
592 217 715 274 TULLII
734 217 924 274 CICERONIS

225 361 400 428 sClodiani
435 363 530 428 filius.
575 361 682 447 Atque
713 363 777 428 hoc
807 363 879 429 loco
911 363 990 428 illud
1023 385 1091 429 non
1123 386 1208 448 queo

252 452 438 535 praeterire,
461 450 560 536 quod,
582 473 681 534 quum
701 451 742 530 de
766 451 986 516 consularibus
1009 473 1082 530 mea
1103 453 1209 535 prima

252 561 322 604 sors
345 540 471 623 exisset,
492 560 558 604 una
581 561 658 604 voce
682 542 812 604 senatus
835 539 986 623 frequens
1003 540 1209 604 retinendum

252 649 303 692 me
330 629 365 693 in
391 628 470 696 urbe
498 628 634 710 censuit3
665 627 727 692 hoc
755 627 841 692 idem
871 631 947 711 post
974 649 1024 692 me
1051 627 1209 712 Pompeio

252 716 385 798 accidit,
414 720 451 781 ut
472 738 533 781 nos
556 717 619 780 duo
645 715 737 799 quasi
759 715 898 802 pignora
920 716 967 780 rei
989 716 1137 801 publicae
1161 738 1209 781 re·

251 804 349 868 tineri
371 804 559 887 videremur,
582 802 660 887 quid
673 804 759 868 enim
774 824 835 888 ego
849 804 986 868 aliorum
1007 825 1044 868 m
1066 825 1117 868 me
1142 803 1209 868 ἐπι·
1291 813 1292 828 ’

252 889 436 976 φωνήματα
460 896 653 976 exspectem,
676 913 775 976 quum
797 892 878 957 baec
900 891 987 958 domi
1009 892 1209 957 nascantur?

226 979 405 1046 ‹Urbanae
429 984 536 1046 autem
562 1002 613 1044 res
641 980 686 1044 sic
714 1001 748 1044 se
776 980 907 1044 babent.
951 979 1091 1066 Agraria
1113 982 1167 1045 lex
1190 1003 1210 1044 a

251 1067 364 1134 Flavio
395 1070 526 1136 tribuno
558 1069 601 1152 pl.
630 1069 837 1133 vehementer
864 1069 1049 1154 agitabatur
1076 1072 1209 1134 auctore

251 1155 415 1240 Pompeio,
437 1179 519 1241 quae
532 1157 615 1220 nihil
632 1157 787 1242 populare
801 1157 943 1221 babebat
956 1160 1084 1239 praeter
1098 1161 1209 1222 aucto·

252 1265 328 1311 rem.
355 1243 406 1308 Ex
427 1245 489 1308 hac
512 1266 573 1330 ego
595 1245 666 1330 lege
691 1245 831 1309 secunda
853 1245 1017 1309 concionis
1039 1245 1210 1316 uoluntate

253 1333 363 1397 omnia
383 1333 440 1397 illa
462 1333 626 1416 tollebam,
647 1354 729 1416 quae
747 1333 788 1398 ad
811 1333 1010 1415 privatorum
1032 1333 1210 1398 incommo-

252 1420 329 1486 dum
349 1419 572 1504 pertinebant:
595 1420 772 1485 liberabam
786 1441 900 1506 agrum
914 1443 996 1504 eum,
1019 1421 1074 1503 qui
1087 1419 1122 1486 P.
1137 1420 1209 1485 Mu-

253 1508 303 1574 cio
326 1507 361 1572 L.
377 1505 551 1596 Calpurnio
574 1508 759 1574 consulibus
781 1508 929 1592 publicus
952 1509 1081 1592 fuisset,
1104 1507 1210 1573 Sulla-

220 1654 224 1662 ,
252 1619 375 1662 norum.
395 1597 564 1662 hominum
590 1595 810 1680 possessiones
838 1597 1081 1680 confirmabam3
1108 1595 1211 1662 Vola-

252 1689 399 1750 terranos
423 1688 456 1749 et
477 1685 661 1769 Arretinos,
689 1706 825 1769 quorum
854 1704 969 1769 agrum
992 1683 1081 1748 Sulla
1103 1685 1210 1767 publi-

253 1778 343 1838 carat
364 1795 467 1858 neque
491 1771 652 1857 diviserat,
673 1773 709 1837 in
727 1794 786 1838 sua
798 1773 1002 1857 possessione
1015 1773 1211 1855 retinebam3

252 1883 352 1928 unam
374 1862 533 1928 rationem
556 1883 623 1925 non
645 1860 836 1944 reiiciebam,
858 1863 895 1925 ut
915 1880 993 1945 ager
1014 1859 1076 1924 hae
1090 1861 1210 1924 adven-

252 1951 330 2015 ticia
351 1951 488 2034 pecunia
511 1952 683 2031 emeretur,
710 1970 791 2033 quae
820 1969 858 2012 ex
880 1949 973 2012 novis
996 1947 1211 2032 vectigalibus

253 2061 311 2126 per
342 2035 598 2124 quinquennium
633 2038 836 2122 reciperetur.
879 2035 966 2101 Huic
998 2035 1060 2101 toti
1088 2036 1213 2102 rationi

254 2128 399 2214 agrariae
434 2131 565 2192 senatus
592 2125 823 2190 adversabatur
856 2125 1022 2209 suspicans
1053 2123 1211 2208 Pompeio

252 2238 372 2286 novam
394 2215 557 2300 quandam
579 2215 758 2299 potentiam
785 2213 908 2296 quaeri3
937 2211 1108 2296 Pompeius
1131 2234 1212 2277 vero

254 2305 295 2368 ad
324 2305 525 2370 voluntatem
555 2302 764 2388 perferendae
799 2299 881 2386 legis
911 2301 1116 2383 incubuerat,
1148 2321 1212 2387 ego

254 2395 362 2456 autem
384 2413 504 2476 magna
526 2412 609 2472 cum
622 2391 823 2476 agrariorum
850 2389 955 2474 gratia
978 2389 1214 2454 confirmabam

255 2479 399 2550 omnium
428 2479 627 2562 privatorum
656 2477 876 2562 possessiones
910 2512 952 2522 -
986 2477 1014 2541 is
1044 2478 1131 2541 enim
1161 2482 1214 2542 est

254 2570 365 2632 noster
394 2565 564 2648 exercitus,
598 2565 781 2647 hominum,
816 2569 854 2628 ut
875 2568 944 2629 tute
967 2565 1043 2648 seis,
1069 2565 1214 2649 locuple·

253 2655 336 2718 tium
352 2679 406 2737 -3
428 2654 548 2738 populo
572 2657 680 2718 autem
701 2659 732 2718 ct
751 2651 962 2738 Pompeio-
976 2675 1053 2718 nam
1075 2653 1109 2717 id
1133 2676 1214 2738 quo·

255 2764 317 2826 que
339 2743 487 2808 volebam
509 2778 551 2788 -
576 2741 812 2808 satisfaciebam
839 2742 1015 2826 emptione,
1041 2763 1106 2826 qua
1135 2763 1215 2808 oon·

255 2831 369 2895 stituta
405 2830 575 2915 diligenter
611 2833 643 2895 et
680 2831 840 2895 sentinam
871 2830 960 2894 urbis
991 2829 1152 2894 exhauriri
1180 2835 1216 2896 et

254 2918 369 2984 ltaliae
383 2918 589 2983 solitudinem
602 2917 801 3002 frequentari
814 2939 908 3002 posse
922 2918 1111 2983 arbitrabar,
1149 2917 1216 2984 Sed

254 3007 335 3072 haec
357 3011 428 3072 tota
450 3027 500 3070 res
522 3007 728 3090 interpellata
745 3007 829 3071 bello
847 3006 1024 3071 refrixerat.
1060 3005 1215 3071 Metellus

256 3099 306 3162 est
328 3095 442 3162 consul
464 3115 541 3158 sane
564 3094 669 3159 bonus
693 3098 726 3159 et
745 3089 806 3180 nos
820 3093 993 3158 admodum
1016 3093 1135 3182 diligit3
1158 3096 1216 3160 ille

147 3183 148 3186 ’
254 3185 337 3250 alter
359 3180 453 3256 nihili
475 3183 522 3247 ita
544 3185 607 3266 est,
629 3187 662 3246 ut
682 3184 797 3267 plano,
828 3181 905 3266 quid
927 3181 1054 3268 emerit,
1079 3184 1217 3250 nesciat

327 3409 379 3480 Ep.
403 3417 451 3477 19,
479 3415 505 3466 8.
544 3425 591 3478 epo
618 3410 770 3466 ulteriorum
797 3411 957 3480 (Malam-ss
994 3429 1042 3484 epo
1070 3410 1219 3466 Gallonio

258 3478 373 3618 lldlgbl.
389 3485 602 3603 {hpuBscomtur
620 3480 736 3551 (vulgo).
762 3482 868 3539 ianuae.
886 3481 946 3538 PB.
983 3489 1009 3538 4.
1028 3482 1173 3550 carratae,
1191 3483 1219 3540 h.
