2510 3958
195 219 453 276 EPISTOLARUM
469 220 520 277 AD
538 220 703 278 ATTICUM
720 221 794 277 VIII.
813 227 891 278 5-7.
952 221 1018 286 273

127 364 284 448 „Litterae
313 365 394 430 mihi
416 388 436 430 a
459 363 495 430 L.
517 365 662 433 Domitio
685 387 713 431 a.
736 365 766 432 d.
788 384 859 432 xm„
881 365 1045 433 Kalendr

70 450 153 542 Mart.
177 455 295 519 allatas
318 457 409 536 sunt3
441 475 552 520 earnm
579 454 761 538 exemplum
787 455 875 520 infra
897 456 1020 540 scripsi.

69 538 163 625 Nune,
187 545 225 606 ut
246 563 308 628 ego
330 563 399 608 non
413 542 561 626 seribem,
581 545 639 608 tua
658 546 774 628 sponte
790 544 1019 629 ¹teintelligera

69 629 139 712 scio,
167 630 283 713 quanti
309 631 356 695 rei
382 630 529 715 publicae
557 630 687 696 intersit
714 651 825 696 omnes
853 632 961 716 copias
983 632 1019 696 in

69 737 158 781 unum
181 719 290 784 loeum
312 719 416 803 primo
440 740 567 804 quoqne
589 722 735 804 tempore
749 719 929 784 convenire.
960 719 1020 804 Tu,

70 804 168 871 sitibi
191 806 366 886 videbitur,
396 807 487 872 dabis
511 828 656 892 operam,
687 828 784 892 quam
811 808 951 892 primum
978 808 1019 874 ad
1079 819 1096 844 ⁸

69 913 122 1045 110¹?i
145 894 273 979 venias,
289 894 454 1048 liignesid‘i‘i
477 893 606 980 Capuae
634 898 792 981 quantum
814 895 1019 962 constituens

70 1001 99 1043 sa
123 1003 288 1048 sessore
358 1005 427 1049 uas.

125 1069 251 1136 Deinde
283 1006 453 1157 supirosuit
484 1073 665 1157 exemplum
694 1072 849 1158 epistolae
875 1071 1047 1158 Domitii·

70 1158 145 1240 quod
167 1180 230 1246 ago
254 1159 296 1226 ad
318 1163 351 1225 te
372 1161 477 1247 pridie
499 1161 661 1226 miseram:
685 1161 718 1226 di
735 1161 943 1245 immortales,
965 1161 1021 1246 qui

70 1266 113 1309 me
132 1246 250 1314 horror
272 1249 427 1335 perfuditl
460 1270 558 1334 quam
580 1271 651 1314 sum
674 1249 852 1334 sollicitans
866 1249 1021 1334 quidnam

70 1332 205 1402 futurum
229 1337 285 1402 sitl
308 1336 370 1403 hoe
392 1342 502 1403 tamen
517 1358 620 1422 spero,
642 1358 798 1423 magnum
820 1358 941 1403 nomen
962 1338 1020 1404 im·

70 1425 218 1503 peratoris
241 1423 322 1509 fore,
343 1448 499 1512 magnum
512 1427 548 1490 in
562 1427 704 1491 adventu
726 1430 890 1492 terrorem.
919 1423 1021 1509 Spero

71 1510 169 1598 eliam,
201 1513 357 1599 quoniam
379 1513 484 1580 adhue
511 1514 593 1579 nihil
620 1514 716 1580 nobis
745 1513 863 1598 obfuit,
894 1513 1021 1596 nihil†

72 1601 219 1667 mutasset
245 1623 306 1667 nee
332 1604 477 1688 tegentia
503 1602 566 1668 hoe
593 1603 679 1687 quod
706 1624 806 1687 quum
832 1603 961 1668 fortiter
988 1605 1022 1668 et

72 1684 246 1775 diligenter,
274 1692 463 1756 tumeliam
484 1691 665 1756 mehercule
688 1690 740 1731 ³¹*
753 1691 787 1774 *3
815 1691 912 1758 modo
935 1691 1022 1756 enim

74 1775 168 1842 audivi
190 1781 386 1863 quartanam
408 1784 474 1845 ate
496 1778 693 1845 discessisse:
716 1778 846 1865 moriar,
867 1780 895 1845 si
917 1779 1021 1865 magis

74 1865 244 1951 gauderem,
268 1867 296 1932 si
317 1866 350 1931 id
372 1867 453 1932 mihi
474 1865 651 1934 accidisset.
682 1866 783 1934 Piliae
797 1867 848 1933 die
860 1889 930 1934 non
951 1890 1021 1934 esse

74 1969 198 2106 aquium
222 1977 294 2106 eTaim
317 1955 437 2022 diutius
453 1956 708 2110 ilabembnalldd
723 1958 931 2108 esslidtiim
946 1977 1020 2108 sgn-

74 2057 120 2102 001
150 2065 196 2110 ae.
266 2065 379 2109 nonem
392 2067 453 2110 nos
468 2067 573 2110 ruma
683 2066 721 2109 ra
739 2065 776 2108 re
856 2065 889 2108 m
911 2066 953 2110 au
987 2066 1021 2129 ος

75 2127 214 2197 sedeam
237 2132 331 2196 video
353 2133 388 2196 in
412 2137 576 2218 sumptum
590 2132 632 2197 ab
650 2132 722 2197 aliis
744 2134 937 2216 mutuatum,
959 2153 1020 2217 ego

17 2283 19 2314 μ
75 2219 170 2283 autem
183 2217 318 2286 Curium
331 2225 488 2306 nostrum,
511 2222 540 2286 si
553 2220 631 2306 quid
644 2241 726 2304 opus
740 2222 833 2303 esset,
854 2240 1021 2305 rogaramz

74 2305 148 2371 mlo
183 2307 315 2374 'liranis
355 2309 581 2375 verecundiam
615 2308 652 2373 in
688 2308 783 2395 eulpa
818 2328 888 2373 esse
923 2329 1021 2394 quam

76 2388 313 2461 illiberalitatem
336 2394 434 2462 Curii.
488 2389 494 2396 ⁶

507 2589 582 2658 vn

119 2706 173 2768 Ser.
191 2711 224 2766 in
241 2710 389 2783 Formiano
412 2713 486 2768 inter
503 2711 564 2767 VII.
581 2710 668 2838 'itle'
687 2710 829 2769 Kalendas
851 2711 968 2770 Martia·

447 2799 472 2838 a.
491 2800 518 2837 u.
537 2798 561 2838 e.
634 2824 641 2837 .

355 2887 484 2943 CICERO
503 2887 636 2944 ATTICO
656 2887 732 2943 SAL.

132 2992 246 3062 Unum
267 2997 365 3062 etiam
391 3001 493 3064 restat
519 2998 622 3062 amieo
650 2989 762 3062 nostro
785 2993 827 3058 ad
850 3017 944 3061 omne
967 2994 1046 3062 de·¹

77 3073 169 3170 denus,
190 3089 229 3151 nt
246 3083 390 3150 Domitio
403 3106 472 3151 non
494 3086 672 3152 subveniat.
697 3083 764 3170 „m
775 3102 870 3150 nemo
885 3084 1021 3169 dubitat,

78 3168 144 3247 quin
157 3172 299 3239 subsidio
312 3177 467 3238 venturus
482 3172 551 3239 sit.“
577 3173 650 3260 Ego
664 3193 732 3239 non
753 3173 843 3256 puto.
868 3170 1022 3257 „Deserat

78 3408 117 3462 'm
136 3343 185 3430 Ep.
204 3353 229 3416 s,
249 3353 274 3403 a.
302 3348 475 3404 assumeris
492 3351 555 3418 (va,
568 3349 615 3432 ¹1.).
634 3346 829 3404 mittamus
846 3345 940 3430 ΜΒβ.
960 3361 1022 3471 φηςι

78 3417 473 3570 &resteterit
489 3418 810 3559 mellissa
827 3417 1019 3558 tttltt.

83 3545 151 3624 illie
175 3589 200 3603 -
218 3560 365 3616 marnes
379 3563 395 3599 ¹·
407 3561 424 3596 r
439 3561 470 3628 ·;
487 3562 566 3618 mono
583 3559 677 3630 (sen).
696 3575 730 3615 m.
751 3558 838 3614 noa
856 3559 887 3614 Β.

116 3637 220 3689 claron·
243 3649 307 3698 oens
322 3650 354 3692 11
825 3654 858 3703 ιε
