2510 3958
212 212 471 294 nsrssuunsuu
489 238 539 292 Au
557 236 722 292 eunoun
740 236 813 291 viu.
834 242 858 292 s.
949 235 1016 299 265

77 381 136 447 Hos
167 381 325 464 miserius,
361 381 423 447 hoe
458 381 584 464 turpius
617 379 815 466 quidquam?
859 400 1017 467 vagamur

78 473 190 555 egentes
212 491 286 535 eum
309 468 500 555 coniugibus
519 472 552 532 et
571 469 695 552 liberis3
717 470 752 534 in
765 469 861 534 unius
874 468 1015 534 hominis
1036 471 1068 634 η

78 557 231 641 quotannis
245 557 423 643 periculose
437 558 636 642 aegrotantis
646 557 755 622 anima
768 557 890 641 positas
904 577 1016 624 omnes

76 649 186 712 nostras
209 666 283 730 spes
305 645 475 730 habemus,
497 667 565 710 non
587 645 725 729 expulsi,
751 645 808 710 sed
831 645 956 712 avocati
978 667 1017 710 ex

76 735 176 818 patria,
203 755 301 819 quam
328 754 396 800 non
423 734 613 798 servandam
636 733 677 798 ad
699 733 838 824 reditum
860 736 1018 817 nostrum,

77 822 119 886 sed
143 821 355 906 diripiendam
382 825 415 886 et
444 821 710 886 inflammandam
739 821 939 904 reliquimus:
970 822 1099 908 itapws

76 911 153 974 multi
173 911 343 976 nobiseum
373 913 463 994 sunt,
493 932 561 975 non
587 911 623 974 in
650 909 857 993 suburbanis,
888 931 956 974 non
981 909 1017 972 in
1041 907 1092 918 “””’“

75 997 175 1084 hortis,
205 1019 274 1063 non
296 998 332 1063 in
359 998 432 1082 ipsa
458 998 550 1081 urbe,
582 1002 627 1082 et,
659 999 686 1062 si
712 1019 800 1062 nune
828 1001 919 1080 sunt,
949 1019 1018 1062 non

75 1089 162 1150 erunt
187 1085 258 1152 Nos
280 1087 405 1151 interea
426 1107 467 1150 ne
482 1083 611 1170 Capuae
625 1086 764 1170 quidem,
786 1085 843 1150 sed
856 1084 1018 1167 Luceriae,

75 1178 101 1237 et
119 1195 203 1240 oram
226 1174 356 1259 quidem
377 1175 573 1250 maritimam
586 1176 652 1238 iam
674 1174 900 1259 relinquemus,
922 1171 1005 1237 Afra
1036 1171 1049 1346 p

75 1261 151 1326 nium
178 1262 434 1348 exspectabimus
456 1269 485 1328 et
506 1261 681 1346 Petreium3
708 1283 786 1327 nam
814 1262 850 1326 in
872 1261 1017 1326 Labieno

75 1371 173 1432 parum
200 1355 251 1416 est
277 1351 455 1436 dignitatis.
499 1349 562 1414 Hic
589 1355 627 1416 tu
653 1351 688 1414 in
715 1373 767 1417 me
789 1351 807 1391 *
830 1351 909 1415 illud
936 1349 1017 1413 desi·

76 1437 162 1503 deras.
205 1437 299 1504 Nihil
320 1440 359 1504 de
382 1461 434 1504 me
457 1439 538 1523 dieu,
561 1439 616 1503 alii
638 1440 790 1522 viderint3
812 1439 865 1503 hie
889 1439 1029 1523 quidem'

75 1547 144 1608 quae
173 1530 222 1592 est
248 1527 290 1590 *l
333 1527 421 1593 domi
447 1531 573 1592 vestrae
610 1527 688 1592 estis
720 1531 754 1591 et
785 1527 874 1592 eritis
906 1547 1018 1592 omnes

75 1613 152 1678 boni:
182 1615 254 1699 quis
282 1618 360 1680 tune
384 1635 418 1680 se
444 1615 525 1680 mihi
547 1635 616 1680 non
638 1615 801 1681 ostendit?
837 1615 909 1699 quis
931 1635 1018 1680 nunc

75 1702 152 1766 adest
172 1703 234 1769 hoe
247 1703 334 1768 bello
348 1738 390 1750 -
406 1704 451 1768 sie
465 1704 552 1768 enim
565 1703 630 1768 iam
644 1704 871 1788 appellandum
886 1707 936 1768 est
953 1702 1019 1766 -?

74 1789 196 1855 Vibullii
233 1812 285 1856 res
317 1795 427 1877 gestae
461 1796 538 1856 sunt
573 1791 677 1856 adhue
709 1793 880 1875 maximam
914 1791 948 1856 id
980 1813 1046 1856 exe

74 1875 205 1962 Pompeii
226 1879 344 1944 litteris
368 1901 552 1965 eognosees,
573 1879 609 1942 in
632 1880 747 1964 quibus
771 1880 1018 1945 animadvertito

74 1965 153 2031 illum
165 1969 282 2052 losum,
294 1967 351 2032 ubi
364 1969 426 2032 erit
440 1968 554 2051 ὃιπλῆι
577 1968 709 2050 videbis,
727 1967 766 2031 de
781 1967 891 2033 Gnaeo
905 1972 1018 2032 nostro

74 2053 132 2137 ipse
144 2055 306 2120 Vibullius
321 2056 398 2140 quid
412 2055 580 2120 existimet.
603 2055 674 2130 Quo
687 2055 788 2140 igitur
800 2055 881 2120 haee
895 2058 1020 2138 spectat

76 2144 190 2209 oratio?
234 2143 308 2229 Ego
331 2165 391 2228 pro
413 2143 567 2228 Pompeio
590 2143 729 2208 libenter
751 2143 852 2208 emori
873 2164 1019 2228 possum:

75 2228 147 2296 facio
168 2232 271 2316 pluris
294 2232 439 2296 omnium
467 2232 637 2297 hominum
664 2231 839 2313 neminem3
869 2231 925 2297 sed
951 2183 1032 2344 unul

74 2317 114 2380 ita
133 2341 196 2385 uno
218 2319 255 2384 in
278 2341 316 2386 eo
338 2319 445 2386 iudieo
475 2341 565 2404 spem
587 2320 626 2384 de
655 2319 757 2384 salute
784 2319 831 2384 rei
857 2319 1019 2404 publicam

75 2406 225 2490 significas
252 2409 340 2472 enim
367 2409 532 2492 aliquanto
557 2429 662 2492 secus,
693 2428 789 2491 quam
817 2407 956 2491 solebas,
982 2410 1020 2472 ut

75 2495 161 2560 etism
180 2495 292 2580 Italia,
322 2497 350 2561 si
376 2497 431 2560 ille
454 2496 559 2580 sedat,
589 2500 684 2581 putes
707 2495 897 2560 cedendum:
933 2495 1020 2580 quod

76 2601 127 2666 ego
156 2606 215 2649 nee
246 2585 294 2648 rei
324 2584 472 2669 publicae
503 2589 583 2669 puto
614 2605 683 2650 esse
715 2584 793 2648 utile
823 2605 882 2650 nee
909 2585 1020 2650 liberis

75 2672 157 2756 meis,
190 2676 359 2757 praeterea
394 2693 498 2756 neque
539 2675 663 2736 reetum
698 2693 802 2757 neque
837 2673 1020 2738 honestum.

75 2757 170 2835 †Sed
200 2782 271 2825 eur:
307 2760 491 2844 „poterisne
519 2760 620 2845 igitur
646 2761 753 2826 videre
780 2759 1021 2844 tyrannumw?

136 2933 186 3005 Ep.
201 2941 226 3004 2,
246 2941 271 2990 3.
290 2935 322 2988 s'n
339 2951 380 2989 me
393 2935 464 2990 idem
479 2935 551 2989 illud
569 2933 672 3004 (Sch.)?
690 2965 726 2976 -
744 2952 813 3004 quae
826 2940 864 2990 est
877 2933 1020 3004 aequitas?

75 3002 97 3055 d.
115 3004 195 3074 (W.)?
227 3007 272 3060 An
294 3006 343 3060 boc
365 3022 389 3074 q.
408 3006 476 3075 quid
493 3004 551 3060 est?
583 3006 609 3060 d.
634 3005 701 3073 (W.;
725 3007 792 3074 quid
810 3011 848 3060 est
865 3006 877 3058 I
902 3047 917 3073 .,
941 3005 1021 3073 Pali,

75 3075 138 3140 meod
155 3081 192 3130 eet
210 3076 271 3143 Pl?
303 3107 336 3116 —
369 3077 442 3130 domi
459 3075 524 3144 Ml,
542 3075 602 3142 Ru,
620 3076 714 3146 vulgo.
747 3077 840 3131 domui
895 3082 918 3137 1,
936 3074 966 3130 B.
985 3105 1021 3116 -

74 3146 128 3210 usu
144 3151 209 3201 tunc
227 3147 303 3215 (W.).
335 3164 359 3216 q.
378 3148 440 3201 istic
457 3163 500 3201 ve.
532 3163 556 3215 q.
575 3151 607 3200 tu
623 3145 670 3214 M„
694 3145 764 3200 Oxx.
794 3163 819 3214 q.
838 3150 896 3200 tum
913 3145 1020 3216 Rth.

75 3219 96 3266 4.
124 3233 178 3270 nun
195 3219 238 3271 ita
260 3217 396 3288 (Milan,
417 3217 535 3284 Bessan,
560 3216 690 3283 Casula).
721 3232 778 3270 uon
796 3218 846 3282 ita,
864 3221 896 3270 ut
913 3221 954 3282 tu,
972 3219 1022 3270 aut

75 3299 132 3352 uun,
143 3293 173 3341 ut
186 3293 226 3354 tu,
240 3288 325 3355 (Wll
343 3293 502 3342 nontamen
516 3286 614 3354 (Com
632 3302 689 3340 uon
703 3287 890 3351 tamenetsi,
907 3287 1021 3355 lPal.)?

76 3371 124 3409 neu
138 3359 219 3413 Mam
235 3376 282 3425 m,
300 3359 331 3413 Β.
350 3389 385 3398 -
403 3373 459 3412 uuo
477 3360 508 3412 iu
526 3374 556 3412 eu
574 3359 629 3426 (b).
656 3372 713 3411 unu
729 3372 786 3412 nuo
803 3355 926 3427 MRdh.‚
944 3357 1020 3412 Bess.

76 3423 132 3481 Cas.
150 3445 205 3484 uuo
222 3430 243 3483 Ι.
262 3430 295 3483 iu
312 3445 342 3484 eo
359 3447 405 3497 m,
422 3430 454 3483 Β.
473 3459 507 3470 -
526 3429 618 3483 iudico
632 3443 685 3482 esse
701 3443 775 3496 spen
792 3426 911 3496 (lunium
932 3426 1020 3481 1Pal.

76 3497 115 3550 esd
130 3503 228 3569 rporali
246 3501 266 3554 i.
284 3501 367 3554 sitam
384 3515 457 3568 spen
471 3499 556 3567 (wll
569 3499 672 3552 —lsuu
692 3497 773 3562 †Sed
791 3514 853 3552 cur:
871 3502 943 3566 „pot
961 3499 981 3552 s'.
995 3513 1020 3551 u.

77 3569 93 3618 l·
108 3568 312 3638 tyranuum?“?
340 3570 414 3638 (Ν).
441 3571 466 3624 t.
486 3575 531 3624 eet.
553 3566 650 3636 „Ceut
672 3585 704 3638 p.
724 3609 752 3622 ..
771 3566 864 3640 tyr.?“
882 3567 968 3638 (W.)?
994 3569 1021 3623 lt.
