2522 3960
217 257 477 315 srrsroumurn
494 259 544 314 An
562 237 727 314 surroun'
744 259 792 314 u.
812 265 837 313 1.
942 255 1007 321 193

61 401 204 467 accidisse
235 407 401 488 tamquam
433 403 526 469 mibi:
562 425 739 489 numquam
769 403 855 469 enim
887 424 926 467 ex
952 401 1009 468 illo

60 489 163 554 audivi
195 492 284 556 illam
324 491 496 578 pecuniam
536 513 604 557 esse
646 515 751 576 suam3
793 493 871 577 quin
911 491 1010 556 etiam

60 576 196 643 libellum
216 579 319 664 ipsius
341 580 460 664 habeo,
486 581 521 644 in
550 600 612 664 quo
643 584 706 646 est:
741 579 929 664 „Salaminii
955 601 1009 664 pe·

61 666 181 730 cuniam
202 666 323 732 debent
344 665 388 732 M.
407 665 536 753 Scaptio
562 672 595 733 et
617 668 653 734 P.
677 661 823 753 Matium,
844 667 1010 732 familiari·

61 753 117 816 bus
140 754 243 819 meis.“
278 755 346 821 Eos
364 755 443 820 mihi
463 757 679 842 commendat,
704 757 836 822 ascribit
858 757 955 821 etiam
977 759 1010 820 et
1079 757 1085 767 “

63 843 146 924 quasi
167 844 272 908 calcar
295 845 458 928 admouet,
488 845 707 910 intercessisse
737 867 771 910 se
799 866 858 930 pro
881 844 921 908 iis
944 865 1010 908 ma-

63 931 1011 1106 dt.estut”a.f5tttmtrtt.tt{3rztgtttt

64 1127 220 1173 annorum.
247 1109 295 1173 At
311 1107 460 1194 Scaptius
483 1115 657 1195 quaternas
679 1110 880 1194 postulabat:
902 1108 1011 1190 metui,

64 1195 89 1256 si
109 1196 317 1281 impetrasset,
339 1219 380 1262 ne
403 1201 439 1262 tu
462 1198 530 1282 ipse
549 1219 600 1263 me
615 1219 723 1264 amare
736 1198 911 1280 desinerem
935 1216 1011 1260 narn

65 1282 102 1345 ab
122 1285 222 1350 edicto
245 1307 318 1351 meo
344 1286 547 1352 recessissem
570 1289 603 1351 et
630 1288 792 1352 civitatem
818 1287 854 1350 in
877 1284 1010 1351 Catonis

65 1371 148 1436 etin
173 1374 276 1457 ipsius
300 1372 394 1439 Bruti
420 1373 483 1439 fide
509 1376 650 1440 locatam
678 1377 821 1460 meisque
847 1373 1010 1439 beneficiis

66 1465 202 1525 ornatam
223 1462 371 1528 funditus
393 1463 611 1547 perdidissem.
652 1463 760 1548 Atque
782 1463 845 1528 hoc
866 1467 1038 1546 tempore·

66 1546 128 1629 ipso
152 1550 306 1636 impingit
331 1551 412 1616 mihi
439 1551 610 1636 epistolam
632 1551 780 1636 Scaptius
806 1549 912 1634 Bruti,
943 1571 1012 1614 rem

66 1634 145 1700 illum
175 1659 234 1704 suo
266 1639 409 1723 periculo
439 1661 521 1722 esse,
554 1641 639 1724 quod
666 1661 726 1705 nec
753 1640 834 1704 mibi
859 1659 1012 1723 umquam

68 1721 175 1790 Bmtus
208 1727 334 1792 dixerat
364 1749 423 1792 nec
460 1728 533 1812 tibi,
572 1730 669 1793 etiam
705 1733 743 1793 ut
776 1728 1012 1812 praefecturam

68 1808 185 1897 Scaptio
209 1814 375 1880 deferrem.
419 1815 458 1880 Id
480 1837 556 1882 vero
579 1839 638 1901 per
658 1821 692 1881 te
715 1837 952 1901 exceperamus,
974 1835 1013 1880 ne

69 1903 266 1987 negotiatori3
302 1905 387 1988 quod
421 1905 448 1969 si
481 1905 642 1990 cuiquam,
677 1904 753 1970 huic
788 1909 899 1969 tamen
929 1925 1011 1968 non:

69 1986 163 2055 fuerat
184 1992 270 2056 enim
293 1993 474 2076 praefectus
497 1991 619 2078 Appio,
646 1993 829 2078 etquidem
855 1992 1014 2056 habuerat

70 2079 179 2143 turmas
203 2081 355 2165 equitum,
379 2081 494 2165 quibus
516 2083 676 2146 inclusum
697 2083 733 2145 in
756 2081 844 2145 curia
866 2082 1014 2143 renatum

72 2161 217 2232 Salamine
255 2169 437 2253 obsederat,
477 2173 515 2236 ut
548 2170 635 2235 fame
672 2172 836 2235 senatores
873 2167 1013 2251 quinque

72 2261 272 2342 morerentur,
300 2259 409 2343 itaque
433 2279 507 2345 ego,
529 2280 593 2344 quo
617 2259 668 2322 die
689 2257 785 2342 tetigi
806 2255 1014 2341 provinciam,

73 2361 158 2424 quum
179 2345 260 2410 mihi
273 2344 383 2431 Cyprii
405 2348 506 2432 legati
518 2345 686 2432 Ephesum
701 2346 828 2410 obviam
841 2343 1014 2427 venissent,

72 2429 180 2498 litteras
203 2434 287 2518 misi,
309 2439 346 2501 ut
369 2436 491 2519 equites
514 2457 554 2500 ex
571 2435 678 2500 insula
692 2435 803 2499 statim
816 2433 1014 2498 decederent.

73 2515 124 2583 His
144 2521 181 2585 de
203 2523 310 2588 causis
337 2523 431 2589 credo
455 2522 620 2608 Scaptium
648 2523 790 2607 iniquius
818 2522 857 2586 de
884 2543 934 2586 me
958 2521 1014 2586 ali-

75 2607 138 2688 quid
168 2611 207 2674 ad
235 2610 374 2676 Brutum
405 2613 579 2697 scripsisse.
623 2609 686 2677 Sed
712 2615 823 2677 tamen
849 2610 911 2675 hoc
943 2631 1015 2675 sum

75 2695 181 2763 animo:
209 2700 237 2764 si
259 2699 380 2764 Brutus
402 2701 532 2785 putabit
553 2721 604 2764 me
627 2701 800 2784 quaternas
824 2692 1013 2763 centesimas

75 2789 240 2864 oportuisse
263 2789 444 2872 decernere,
466 2810 566 2872 quum
588 2791 658 2853 tota
680 2788 847 2872 provincia
870 2788 1013 2872 singulas

75 2869 263 2940 observarem
283 2876 393 2963 itaque
416 2875 584 2941 edixissem
610 2876 707 2960 idque
730 2877 828 2940 etiam
850 2874 1014 2939 acerbissi-

75 2961 124 3025 nis
148 2963 382 3029 feneratoribus
410 2964 630 3048 probaretur,
646 2964 675 3028 si
700 2964 934 3048 praefecturam
959 2982 1014 3025 ne·

76 3050 213 3130 gotiatori
242 3053 434 3137 denegatam
458 3056 620 3137 queretur,
653 3053 739 3136 quod
766 3071 826 3138 ego
850 3049 1014 3132 Torquato

76 3141 173 3205 nostro
195 3141 231 3204 in
253 3143 310 3206 tuo
334 3139 468 3224 Laenio,
495 3139 648 3225 Pompeio
675 3139 738 3224 ipsi
759 3140 795 3204 in
817 3136 888 3202 Sex.
911 3135 1015 3201 Statio

77 3229 177 3310 negari
200 3233 232 3293 et
254 3229 294 3293 iis
316 3228 464 3314 probavi,
496 3230 524 3293 si
551 3230 674 3314 equites
701 3227 854 3293 deductos
881 3225 1015 3290 moleste

76 3310 157 3398 feret,
184 3317 338 3402 accipiam
361 3315 507 3403 equidem
530 3316 674 3384 dolorem
697 3314 776 3379 mihi
798 3315 890 3379 illum
912 3313 1016 3396 irasci,

135 3523 182 3596 Ep.
202 3534 226 3597 1,
246 3533 270 3583 5.
302 3527 547 3598 iateraarepro
570 3527 717 3597 (l.1584)t
762 3529 787 3579 t.
815 3523 906 3593 praef
926 3521 1017 3592 Appii

82 3590 125 3656 (W-
140 3599 167 3651 a
183 3595 287 3669 Corr.)?
1007 3615 1009 3620 ·

123 3682 229 3729 Ciceronis
242 3689 305 3738 spur
320 3689 352 3731 11.
822 3685 855 3734 13
