2510 3958
196 236 261 302 238
478 235 517 290 Μ.
536 233 659 289 TULLII
677 229 869 324 CICERONIS

195 384 304 447 autem
331 401 369 446 eo
396 379 476 445 mihi
498 379 652 444 maiorem
674 382 731 443 tua
757 378 962 443 taciturnitas
990 379 1158 464 attulerat,

194 468 281 555 quod
304 471 337 533 et
358 471 396 533 tu
419 469 502 534 soles
526 467 749 552 conglutinare
772 467 929 532 amicitias
956 467 1157 533 testimoniis

193 559 259 622 tuis
291 560 325 621 et
354 557 446 622 illum
478 556 571 620 aliter
602 577 675 620 cnm
707 555 778 619 aliis
810 555 848 620 de
880 554 974 620 nobis
1006 557 1156 621 locutum

194 645 372 710 audiebam.
417 643 479 710 Sed
506 665 637 728 prorsus
659 643 706 707 ita
733 663 816 728 esse,
846 647 884 707 ut
910 643 1040 729 acribia,
1073 645 1155 708 milri

193 733 381 819 persuades:
403 733 513 816 itaque
536 752 597 817 ego
615 732 643 796 is
657 732 797 797 inillum
820 751 901 815 sum,
922 753 1018 816 quem
1040 735 1079 796 tu
1102 755 1155 796 me

167 841 265 888 resse
278 822 336 886 vis.
362 821 457 887 Diem
471 825 563 885 tuum
577 841 638 906 ego
653 841 778 904 quoque
793 841 831 884 ex
851 820 989 904 epistola
1011 821 1154 904 quadam

192 913 259 996 tua,
281 931 378 995 quam
391 909 566 993 incipiente
587 909 743 973 febricula
762 909 944 993 scripseras,
966 909 1047 973 mihi
1060 914 1153 974 nota·

193 1021 302 1064 veram
326 1000 359 1063 et
372 996 661 1062 animadverteram
683 1017 778 1080 posse
800 1017 859 1082 pro
873 1018 908 1061 re
930 999 1010 1062 nata
1027 1000 1061 1062 te
1084 1019 1154 1062 non

193 1086 395 1152 incommode
423 1087 464 1151 ad
495 1107 546 1150 me
573 1086 608 1150 in
635 1084 800 1150 Albanum
825 1085 934 1150 venire
960 1103 1007 1150 111.
1036 1083 1154 1151 Nonas

192 1175 335 1259 Ianuar,
357 1173 422 1258 sed,
444 1175 560 1239 amabo
572 1177 615 1258 te,
637 1173 720 1238 nihil
739 1173 943 1239 incommodo
957 1174 1154 1240 valetudinis

190 1264 320 1345 leceris,
351 1263 428 1346 quid
460 1263 546 1327 enim
578 1265 628 1326 est
652 1265 781 1326 tantum
807 1262 843 1325 in
869 1283 935 1327 uno
963 1265 1021 1327 eut
1047 1264 1153 1334 altero

167 1351 269 1415 adia?
300 1349 504 1416 Dolabellam
521 1349 615 1414 video
633 1349 743 1415 Liviae
763 1352 958 1415 testamento
981 1371 1055 1415 cum
1073 1350 1153 1417 duo·

193 1440 254 1504 bus
276 1438 486 1504 coheredibus
509 1459 579 1503 esse
600 1438 636 1502 in
657 1438 789 1522 triente,
816 1438 879 1504 sed'
898 1438 1003 1503 iuberi
1025 1443 1153 1504 mutare

192 1548 325 1592 nomen:
358 1530 408 1591 est
429 1521 601 1592 πολιτικὸν
624 1524 766 1610 σκέμμα,
795 1529 960 1592 rectumne
983 1527 1027 1591 sit
1047 1529 1152 1593 nobili

193 1614 390 1680 adolescenti
411 1618 536 1680 mutare
557 1636 676 1680 nomen
697 1615 839 1680 mulieris
852 1618 1072 1700 testamento,
1095 1617 1151 1682 sed

192 1703 226 1767 id
255 1697 529 1787 φιλοσοφώτερον
558 1699 846 1788 διευκρινήσομεν,
877 1725 976 1788 quum
1004 1705 1152 1788 sciemus,

167 1795 350 1876 aquantum
368 1791 525 1876 quamsit
547 1791 582 1855 in
603 1792 731 1856 trientis
753 1790 879 1856 triente.
911 1790 1004 1867 Quod
1025 1795 1151 1877 putasti

192 1880 272 1963 fore,
292 1882 338 1962 ut,
358 1882 531 1964 antequam
544 1880 628 1945 istuc
640 1880 791 1963 venirem,
801 1879 991 1964 Pompeium
1000 1881 1151 1967 viderem,

191 1968 314 2034 factum
337 1972 387 2032 cst
407 1969 467 2033 ita:
490 1989 567 2032 nam
580 1985 624 2032 vl.
637 1967 711 2032 Kal.
733 1968 774 2033 ad
788 1966 982 2033 Lavernium
1003 1988 1052 2034 me
1074 1991 1150 2036 con·

192 2061 321 2122 secutus
343 2060 405 2140 est,
427 2076 493 2121 una
506 2055 652 2122 Formiae
674 2057 820 2122 venimus
838 2059 871 2120 ct
884 2057 925 2121 ab
939 2056 1021 2122 hora
1035 2061 1152 2124 octava

193 2144 234 2210 ad
256 2165 434 2230 vesperumv
447 2149 569 2210 secreto
592 2145 743 2210 collocuti
756 2166 874 2210 sumus.
902 2143 995 2220 Quod
1012 2147 1151 2232 quaeris,

192 2255 311 2318 ecquae
334 2255 407 2319 spes
429 2233 661 2318 pacificationis
684 2233 740 2318 sit,
763 2236 920 2318 quantum
942 2254 982 2298 ex
1003 2233 1150 2320 Pompeii

192 2323 294 2388 multo
322 2325 355 2388 et
381 2326 530 2387 accurato
559 2342 705 2387 sermone
732 2321 892 2406 perspexi,
923 2341 965 2386 ne
996 2323 1098 2388 volun
1253 2391 1254 2398 χ

193 2411 320 2493 quidem
343 2413 406 2474 est:
439 2410 485 2475 sic
508 2409 594 2474 enim
616 2410 790 2494 existimat,
814 2410 842 2474 si
863 2409 918 2475 ille
941 2409 993 2475 vel
1015 2411 1128 2476 dimiss
1176 2474 1183 2498 ,

192 2498 332 2562 exercitu
355 2499 468 2562 consul
494 2497 600 2562 factus
623 2499 679 2582 sit,
710 2493 957 2582 adnotaveris
982 2502 1132 2564 πολιτεία

191 2585 270 2668 fore,
292 2588 388 2669 atque
412 2585 508 2650 etiam
530 2588 626 2670 putat
647 2607 730 2670 eum,
754 2608 852 2671 quum
875 2585 1013 2651 audierit
1035 2609 1098 2653 con

191 2693 226 2737 se
249 2672 420 2759 diligenter
444 2673 566 2758 parari,
595 2674 798 2739 consulatum
819 2674 883 2740 hoc
910 2696 997 2740 anno
1020 2677 1135 2762 neglec

190 2764 301 2826 turum
332 2781 369 2825 ac
399 2761 508 2845 potius
539 2761 715 2827 exercitum
748 2761 1009 2848 provinciamque
1043 2767 1136 2830 reten

191 2852 314 2933 turum,
336 2848 387 2914 sin
401 2853 509 2915 autem
526 2850 581 2915 ille
602 2849 734 2934 fureret,
755 2850 1115 2931 vehementerbomine

210 2937 419 3018 optemnebat
441 2941 474 3002 ct
487 2938 553 3002 suis
567 2942 600 3003 et
613 2938 660 3002 rei
681 2937 828 3022 publicae
842 2939 943 3023 copiis
957 2940 1148 3005 confidebat.

221 3026 275 3090 uid
307 3025 456 3110 quaeris?
492 3027 553 3091 etsi
588 3026 668 3091 mihi
700 3027 811 3092 crebro
848 3021 948 3104 ξυνὸς
975 3021 1150 3104 Ἐνυάλιος

192 3114 393 3198 occurrebat,
430 3117 541 3180 temen
567 3114 698 3178 levabar
724 3135 801 3179 cura
831 3115 936 3180 virum
966 3114 1087 3181 fortem
1116 3121 1150 3181 et

190 3202 331 3286 peritum
353 3199 387 3266 et
412 3202 585 3286 plurimum
608 3204 799 3267 auctoritate
825 3204 987 3268 valentem
1014 3203 1149 3269 audiam

191 3289 367 3366 πολιτικῶς
394 3290 433 3355 de
455 3291 544 3382 pacis
567 3290 738 3386 simulatae
743 3291 907 3382 periculis
930 3291 1150 3358 disserentem.
1252 3303 1253 3368 l

166 3376 400 3444 ⁶Habebamus
428 3379 535 3442 autem
561 3377 603 3442 in·
624 3377 772 3444 mambae
795 3378 933 3445 Antonii
960 3380 1148 3446 concionem

262 3567 313 3639 Ep.
333 3573 359 3636 8,
377 3573 403 3623 4.
421 3566 590 3625 ὗιιιιιιίιιιιι
606 3584 647 3624 mc
666 3568 705 3638 (1.,
724 3569 829 3640 vulgo).
858 3569 918 3626 Om.
936 3587 978 3627 mc
994 3533 1115 3643 naeu.
