2594 3976
208 265 469 326 EPISTOLARUM
486 267 536 327 Al)
555 267 719 324 nemeen
736 268 810 324 XIV.
830 274 871 323 19.
891 273 933 324 20.
982 265 1047 334 537

13 407 16 420 '
90 415 147 478 tur
161 412 203 477 ed
218 435 337 478 omnes.
359 412 511 498 Primum,
525 435 607 498 quae
622 413 660 482 de
675 435 709 478 re
719 435 790 480 mea
800 417 892 500 gesta
905 417 938 478 et
950 415 985 481 in
998 435 1049 480 so·

91 501 217 566 lutione
236 505 270 568 et
286 502 322 568 in
336 501 476 568 Albiano
498 503 641 588 negotio,
664 506 765 590 gratu.
791 501 841 568 De
863 505 920 568 tuo
942 505 1050 568 sutem

91 588 265 676 Buthroto,
283 611 381 675 quum
395 592 431 656 in
443 589 641 676 L³ompeisno
656 613 768 675 essem,
787 589 949 658 Misenum
961 591 1051 656 venit

91 677 272 764 Antonius,
297 679 372 745 inde
400 679 662 764 sntediscessit,
688 701 785 764 quem
811 679 902 746 illum
924 680 1050 745 venisse

92 767 212 852 audivi,
233 768 269 832 in
283 765 464 852 Samnium
487 791 507 834 c
525 790 589 853 quo
607 768 679 834 vide
693 768 770 854 quid
784 789 905 852 speres:
927 767 1050 833 Romae

92 854 194 940 igitur
226 856 264 921 de
291 855 462 926 Buthroto.
507 855 542 922 L.
569 855 706 926 Antonii
735 856 898 924 horribilis
930 857 1051 940 concio,

92 943 282 1010 Dolabellae
305 945 484 1030 praecluus:
507 946 572 1010 iem
595 947 645 1011 vel
668 946 730 1011 sibi
752 945 871 1010 hsbeet
892 967 1052 1027 nummos,

93 1033 190 1098 modo
219 1037 366 1100 numeret
387 1032 507 1100 Idibus.
553 1033 714 1100 Tertullae
741 1034 862 1100 nollem
890 1033 1052 1116 obortum3

93 1125 163 1186 tem
185 1121 270 1189 enim
285 1119 388 1188 Cassii
411 1126 488 1188 sunt
509 1124 574 1191 iem
597 1145 694 1207 quem
716 1122 810 1188 Bruti
833 1122 967 1188 serendi.
1002 1121 1052 1186 De

92 1210 208 1296 regins
231 1211 326 1277 velim
349 1213 445 1294 atque
468 1212 566 1279 etiam
589 1211 627 1276 de
651 1209 787 1278 Caesare
810 1211 875 1276 illo.
908 1210 1053 1276 Persolvi

92 1299 217 1382 primae
240 1299 405 1384 epistolae,
434 1301 528 1368 venio
551 1300 593 1369 cd
617 1300 799 1368 secundum.
843 1297 893 1364 De
917 1298 1080 1382 comesa

93 1385 268 1470 Buthroto,
290 1409 389 1472 quum
412 1409 540 1473 renero,
564 1392 602 1453 ut
624 1389 746 1456 scribis.
791 1386 883 1464 Quod
907 1385 1054 1453 Oiceroni

94 1475 297 1560 suppeditas,
329 1480 466 1562 gratum.
512 1476 617 1556 Quod,
637 1499 742 1542 errare
774 1498 826 1542 me
854 1480 968 1562 putas,
999 1476 1054 1560 qui

94 1565 349 1649 rempublicam
370 1566 481 1651 pnte'm
509 1566 648 1650 pendere
670 1567 706 1634 in
728 1565 846 1650 Bruto,
877 1565 923 1632 sio
947 1586 981 1630 se
1002 1585 1054 1629 res

94 1653 208 1718 hebet:
231 1657 288 1721 cut
309 1655 400 1720 nulle
422 1655 484 1720 erit
506 1658 562 1721 aut
586 1655 625 1720 ab
646 1655 710 1720 isto
733 1654 843 1721 istisve
867 1653 1055 1720 servabitur.

96 1740 192 1818 Quod
214 1764 264 1806 me
286 1743 441 1827 horteris,
468 1746 506 1808 ut
533 1743 686 1828 scriptam
709 1743 897 1809 concionem
919 1743 1055 1825 mittam,

95 1831 206 1915 accipe
229 1853 249 1894 u
270 1853 330 1916 me,
354 1832 398 1896 mi
416 1831 535 1917 Attice,
556 1827 740 1898 καθολικὸν
761 1827 922 1917 θεώρημα
945 1851 1056 1896 earum

95 1939 214 2003 rerum,
235 1920 271 1983 in
293 1921 409 2005 quibus
433 1921 511 1986 satis
535 1921 701 1988 exercitati
724 1942 842 1985 sumus.
869 1918 974 1984 Nemo
988 1941 1055 1984 um·

96 2029 195 2092 quam
217 2028 321 2092 neque
344 2013 441 2093 poeta
454 2030 558 2092 neque
576 2012 686 2076 orator
699 2008 771 2092 fuit,
793 2007 849 2092 qui
863 2028 1056 2092 quemquam

95 2097 263 2162 meliorem
291 2119 388 2182 quem
420 2119 454 2162 se
486 2097 710 2180 arbitraretur3
739 2097 802 2161 hcc
834 2095 932 2160 etium
963 2095 1056 2160 malis

97 2186 275 2270 contingit:
300 2186 376 2270 quid
398 2189 435 2251 tu
457 2183 560 2250 Bruto
583 2189 689 2270 putas,
711 2188 744 2250 et
756 2183 926 2270 ingenioso
940 2186 974 2248 et
987 2204 1056 2248 eru·

97 2273 190 2338 dito?
212 2273 252 2338 de
275 2296 338 2358 quo
363 2274 461 2339 etiem
483 2275 607 2359 experti
630 2295 740 2342 sumus
763 2294 866 2357 nuper
880 2272 916 2336 in
938 2272 1056 2337 edicto:

97 2362 290 2446 suiipsorum
321 2366 439 2448 rogatu
470 2367 545 2447 tuor
577 2385 684 2430 meum
711 2362 791 2430 mihi
817 2361 979 2445 placebat,
1009 2359 1058 2426 illi

96 2473 203 2516 suum.
250 2449 335 2527 Quin
366 2451 479 2535 etism,
512 2473 611 2537 quum
642 2451 743 2535 ipsius
775 2449 924 2534 precibus
955 2469 1057 2533 poene

97 2539 257 2606 adductus
289 2540 486 2624 scripsissem
519 2539 561 2604 ed
592 2561 666 2607 eum
696 2539 753 2625 „de
786 2538 908 2622 optimo
941 2543 1059 2625 genere

97 2627 253 2712 dicendi,“
284 2649 352 2694 non
379 2629 475 2694 modo
503 2625 599 2713 milri,
629 2627 687 2694 sed
716 2627 813 2694 etiem
840 2627 901 2692 tibi
930 2627 1068 2712 scripsit¹

99 2717 163 2782 sibi
186 2717 274 2801 illud,
298 2717 383 2802 quod
405 2717 486 2788 mihi
508 2718 657 2801 placeret,
679 2737 747 2782 non
768 2714 908 2800 probari.
953 2714 1058 2792 Quare

98 2805 180 2888 sine,
203 2827 336 2891 quaeso,
359 2806 421 2871 sibi
443 2827 601 2890 quemque
624 2805 777 2870 scribere:

145 2949 238 2996 snam
261 2931 374 3014 cuique
398 2951 559 3016 sponsam,
581 2929 662 2994 mihi
684 2950 801 3012 meam3
828 2947 922 2993 suum
945 2926 1058 3010 cuique

445 3037 596 3102 amorem,
617 3017 698 3083 mihi
720 3038 827 3084 meum

99 3177 143 3190 -
167 3141 189 3222 †
211 3162 279 3208 non
303 3140 390 3225 scite,
412 3142 474 3208 hoc
498 3143 583 3208 enim
601 3139 731 3226 Atilius,
752 3142 848 3224 poeta
871 3137 1059 3204 durissimus

171 3261 223 3332 Ep.
243 3269 286 3332 20,
306 3270 330 3317 2.
356 3262 467 3328 audivi,
484 3265 516 3318 in
534 3262 563 3318 S.
569 3281 580 3328 ;
598 3281 616 3316 a
634 3279 686 3332 quo
704 3280 728 3316 v.
747 3281 770 3332 q.
789 3277 811 3317 s.
831 3259 904 3330 (W.).
925 3259 1059 3314 auderem
1127 3323 1129 3330 Α

99 3351 188 3390 ...c
208 3333 253 3389 W.
274 3334 341 3388 olim
360 3333 441 3404 coni,
459 3333 663 3390 exsensum·
680 3350 699 3388 a
717 3347 769 3402 quo
787 3335 819 3386 in
837 3329 865 3386 S.
899 3330 976 3396 Vide,
994 3345 1018 3400 q.
1037 3345 1057 3384 s.

98 3405 195 3475 vulgo.
241 3411 266 3459 8.
294 3405 339 3459 Dc
357 3405 399 3475 Q,
417 3405 450 3459 dc
467 3403 603 3458 Buthroto
622 3374 740 3474 (lioot.)?
765 3434 799 3443 ψ
821 3403 940 3472 pendere
958 3401 990 3454 in
1007 3399 1057 3482 ΒΤ,

97 3479 173 3545 (ve).
188 3493 220 3544 p.
240 3475 277 3528 B.
296 3475 350 3529 ΜΙ.
365 3493 396 3545 p.
415 3491 429 3530 c
446 3473 482 3529 Β.
501 3475 543 3543 n,
562 3473 656 3544 vulgo.
674 3505 709 3514 —
727 3477 812 3541 †non
831 3474 902 3542 scite,
922 3473 971 3527 hoc
988 3487 1059 3526 eccm

52 3564 63 3582 ·
98 3547 177 3615 (W.).
205 3561 263 3601 noo
279 3547 375 3602 imore
392 3546 441 3602 too
458 3546 566 3616 quidem
584 3543 641 3613 (Or.
660 3544 762 3614 conju?
789 3545 862 3599 costi
880 3549 975 3610 enoc,
992 3543 1017 3596 lr.
1037 3557 1057 3597 c.

96 3617 156 3686 (Or.
176 3616 281 3689 conj.)‘t
