2574 3966
216 208 282 274 436
497 207 536 264 M.
554 205 679 262 TULLII
696 205 890 262 CICERONIS

212 375 262 436 re,
291 350 563 436 quemadmodum
591 353 625 415 eb
651 350 780 434 quando
806 351 947 434 placeat,
976 350 1071 416 velim
1095 372 1169 416 con·

214 441 342 506 sideros.
370 439 528 505 Publilius
548 440 695 504 iturusne
709 438 800 504 sitin
813 439 960 503 Africam
983 443 1016 503 eb
1037 440 1171 524 quando,

213 551 253 594 ex
279 528 391 594 Aledio
415 528 495 593 seire
518 528 653 612 poterim
685 548 820 611 quaeras
848 531 883 591 eb
909 527 951 592 ed
980 549 1032 592 me
1053 529 1171 592 scribas

187 618 319 682 avelim.
363 616 417 699 Eb,
439 620 477 680 ub
499 616 540 681 ad
563 637 651 680 meos
673 615 813 700 ineptias
835 615 980 699 redeam,
1006 617 1098 681 velim
1117 639 1171 681 me

214 706 383 772 certiorem
403 705 513 788 facias,
534 703 570 768 P.
585 701 729 788 Crassus,
752 703 930 770 Venuleiee
943 705 1038 788 filius,
1058 705 1171 770 vivona

213 793 248 858 P.
269 792 386 860 Crasso
410 793 580 876 consulari,
603 797 696 878 patre
718 815 787 876 suo,
809 797 958 857 mortuus
982 795 1032 876 sit,
1053 797 1089 858 ub
1107 815 1170 879 ego

215 883 398 948 meminisse
420 882 541 964 videor,
562 903 605 946 un
627 885 717 965 posb3
740 882 818 946 ibem
841 902 962 965 quaero
986 882 1026 946 de
1040 881 1173 967 Regillo,

214 969 328 1054 Lepidi
340 970 417 1054 filio,
439 973 567 1035 rectene
581 970 783 1035 meminerim
804 974 897 1052 patre
915 971 990 1035 rivo
1004 977 1171 1036 mortuum.

187 1057 367 1142 ³Cispiane
398 1057 572 1143 explicabis
599 1059 740 1142 itemque
766 1057 932 1122 Preciana.
977 1056 1028 1122 De
1057 1059 1172 1144 Attice,

214 1149 348 1231 optime:
375 1150 409 1212 eb
430 1148 461 1212 ei
483 1148 621 1238 sulutem
644 1147 730 1212 dices
753 1150 786 1212 eb
807 1145 918 1212 Piliae.

641 1355 745 1422 xxv.
772 1385 775 1392 -
810 1306 812 1309 ’

374 1477 433 1534 Ser.
447 1477 567 1534 Asturae
586 1493 681 1532 mense
699 1477 802 1534 Martio
822 1493 846 1532 a
866 1495 892 1532 n
911 1495 935 1532 c.
955 1484 1015 1534 ms.

487 1581 636 1638 CICERO
654 1582 805 1639 ATTICO
821 1583 930 1642 SAL„

186 1681 197 1731 ¹
281 1690 415 1775 Scripsit
441 1692 483 1757 cd
509 1712 561 1756 me
588 1691 760 1777 diligenter
789 1690 881 1758 Sicco
908 1692 948 1758 de
971 1691 1052 1760 Silio
1080 1716 1174 1778 seque

214 1781 256 1846 ad
277 1783 310 1845 te
333 1802 402 1845 rem
424 1780 586 1863 detulisse,
608 1781 693 1864 quod
716 1785 753 1844 bu
775 1781 861 1846 idem
884 1782 1006 1846 scribis.
1038 1781 1122 1847 Mihi
1144 1787 1176 1848 eb

214 1891 265 1934 res
288 1872 321 1934 et
343 1869 489 1934 condicio
512 1869 633 1953 placeb,
656 1869 711 1934 sed
734 1869 790 1954 ito,
812 1874 851 1934 ub
871 1875 1043 1936 numerabo
1067 1873 1175 1936 malim

214 1980 312 2044 quam
338 1958 575 2022 aestimatione:
607 1958 806 2042 voluptarius
836 1959 923 2022 enim
954 1962 1175 2044 possessiones

212 2049 305 2113 nolet
326 2044 436 2131 Silius3
463 2046 675 2132 vectigalibus
697 2051 806 2112 autem
828 2052 866 2111 ut
887 2048 927 2112 iis
950 2069 1084 2132 possum
1108 2071 1175 2114 esse

214 2140 399 2220 contenbus,
430 2155 513 2220 quae
539 2135 658 2218 habeo,
690 2135 736 2199 sic
764 2135 816 2199 vix
847 2136 1035 2201 minoribus.
1081 2137 1175 2204 Unde

214 2246 292 2309 ergo
314 2222 507 2289 numerabo?
550 2220 616 2288 HS.
638 2239 693 2289 nc.
714 2223 872 2308 exprimes
895 2225 937 2289 ab
959 2224 1176 2312 Hermogene,

214 2334 314 2396 quum
336 2313 525 2397 praesertim
554 2332 684 2375 necesse
706 2311 781 2396 erit,
813 2316 847 2376 et
874 2313 963 2378 dorni
989 2314 1084 2380 video
1107 2336 1177 2380 esse

213 2397 279 2464 HS.
302 2417 369 2466 nce
392 2401 533 2484 reliquae
555 2400 711 2484 pecuniae
733 2421 866 2465 usuram
888 2399 967 2466 Silio
989 2403 1178 2489 pendemus,

201 2485 291 2552 'dum
314 2510 334 2551 a
356 2487 492 2554 Faberio
519 2488 571 2554 vel
598 2488 639 2552 ab
670 2488 793 2572 aliquo,
824 2488 880 2573 qui
907 2488 1046 2555 Faberio
1073 2491 1178 2574 debeb,

214 2577 542 2660 repraesentabimus;
574 2576 637 2640 crib
662 2577 761 2641 etiam
784 2577 905 2661 aliquid
928 2577 1067 2643 aliunde.
1113 2577 1178 2644 Sed

188 2667 318 2728 emtam
348 2685 417 2728 rem
447 2668 484 2729 bu
516 2663 725 2749 gubernabis3
761 2663 932 2730 Drusianis
963 2687 1040 2732 vero
1071 2666 1178 2733 hortis

214 2753 317 2818 multo
340 2751 396 2817 bos
417 2755 592 2837 anbepono,
612 2775 717 2838 neque
731 2757 809 2818 sunt
822 2775 975 2838 umquam
988 2758 1179 2840 comparati

214 2841 296 2910 Mihi
319 2841 425 2924 crede,
456 2863 523 2905 una
544 2862 596 2905 me
618 2863 716 2906 cause
737 2849 859 2926 movet,
890 2843 925 2906 in
948 2865 1012 2926 que
1035 2845 1102 2909 scio
1125 2867 1178 2910 me

214 2930 442 3014 τετυφῶσθαις
474 2929 543 3012 sed,
574 2932 612 2993 nb
638 2929 733 3015 focis,
764 2930 940 3015 obsequere
968 2930 1045 2996 huic
1076 2934 1179 2998 errori

215 3040 301 3102 me03
333 3040 424 3101 nam,
451 3018 538 3104 quod
560 3018 673 3082 scribis
700 3014 885 3104 ἐγγήραμα,
913 3022 1021 3084 actum
1048 3021 1115 3086 iem
1138 3021 1179 3088 de

215 3106 280 3172 isbo
302 3111 361 3191 cst,
383 3107 448 3172 ulia
469 3106 571 3193 magis
594 3127 723 3191 quaero.

286 3297 338 3369 Ep.
353 3304 396 3366 25,
417 3305 440 3352 1.
454 3299 590 3368 prmius
607 3314 647 3354 uo.
667 3297 723 3367 (W.
737 3300 767 3354 et
780 3299 915 3368 Kayser).
929 3317 961 3370 p.
975 3300 1016 3356 cel
1033 3317 1061 3355 ιι.
1080 3301 1129 3356 ιιι]
1172 3345 1178 3358 .

218 3397 252 3408 -
269 3369 531 3437 repraesentavimus
547 3373 598 3424 aut
610 3375 842 3438 repraesentamus
861 3369 909 3440 (W
910 3372 947 3441 ,γι
983 3377 1008 3426 2.
1026 3372 1112 3427 multo

218 3455 243 3493 u.
263 3438 367 3512 (ng.
388 3441 474 3508 1584).
493 3455 527 3495 m.
547 3458 573 3496 a.
591 3440 685 3511 nm„
706 3439 783 3508 Oxx„
802 3440 879 3511 flhB.
