2522 3960
238 173 497 232 EPISTULARUM
515 175 564 230 AD
583 173 746 232 malcum
764 175 809 231 Vl
831 181 854 229 1.
960 172 1023 236 199

85 319 230 403 phraatus,
253 320 280 384 si
293 320 326 384 id
341 343 361 385 a
374 319 515 404 Timaeo,
535 323 593 385 tuo
612 319 772 404 familiari,
793 315 1024 403 reprehensum

83 407 146 472 est?
166 406 225 472 Sed
242 408 366 472 nescire
378 429 536 493 proavum
550 429 643 473 suum
657 429 822 474 censorem
835 428 903 471 non
923 406 1023 472 fuisse

84 499 165 579 turpe
176 499 233 580 est,
255 498 445 580 praesertim
458 519 557 582 quum
575 500 737 581 postcom
751 497 915 562 consulem
928 517 1023 559 nemo
1100 504 1102 508 '

84 581 236 650 Cornelius
249 585 306 650 illo
320 585 394 650 vivo
410 605 524 650 censor
546 585 652 650 fuerit.
688 583 782 660 Quod
796 585 835 648 de
848 583 1023 648 Philotimo
1038 597 1064 638 1⁸

82 675 109 734 et
136 671 173 736 de
188 673 364 738 solutione
393 671 458 738 HS.
489 691 544 738 xx.
571 689 626 738 Dc.
657 672 783 757 scribis,
814 672 1025 736 Philotimum

82 760 194 826 circiter
206 761 279 826 Kal.
293 761 461 827 Ianuarias
474 762 510 826 in
524 760 761 827 Chersonesum
784 761 878 825 audio
901 761 1023 824 reniso:
1074 821 1077 830 .

80 852 110 910 at
129 849 204 914 mihi
227 849 269 914 ab
292 871 331 914 co
353 847 437 914 nibil
459 849 572 915 adhuc.
612 850 749 934 Reliqua
776 871 848 913 mea
871 845 1024 914 Camillus

81 933 181 1002 scribit
202 959 236 1003 se
260 939 433 1024 accepisse:
469 959 615 1023 eaquae
644 939 723 1019 sint,
754 937 862 1002 nescio
890 940 923 1000 et
943 957 1024 1002 aveo

82 1025 160 1090 scire.
202 1025 326 1092 Verum
361 1027 441 1092 haec
476 1028 638 1111 posterius
675 1030 708 1091 et
742 1047 852 1091 coram
887 1025 1024 1090 fortasse

80 1113 276 1179 commodius.
317 1114 403 1180 Illud
424 1137 489 1200 mc,
517 1116 562 1180 mi
584 1115 707 1199 Attice,
736 1115 772 1178 in
793 1117 936 1180 extrema
957 1112 1025 1176 lere
1039 1127 1066 1171 ac

79 1207 161 1284 parte
183 1204 336 1287 epistolae
360 1204 545 1268 commovit:
578 1204 691 1268 scribis
713 1203 800 1268 enim
823 1203 883 1286 sic,
904 1203 939 1266 τί
958 1205 1026 1266 λοι-

80 1284 153 1366 adm
175 1291 290 1357 deinde
312 1313 363 1356 mc
377 1293 526 1357 obsecras
540 1292 769 1376 amantissime,
790 1313 832 1355 ne
855 1290 1026 1355 obliviscar

83 1378 203 1462 vigilare
226 1383 260 1444 et
281 1383 319 1444 ut
342 1380 605 1466 animadvertam,
628 1402 708 1464 quae
731 1381 820 1444 fiant.
847 1377 1026 1463 Numquid

81 1465 115 1528 de
136 1489 195 1550 quo
218 1468 394 1534 inaudisti?
417 1470 479 1533 etsi
501 1469 583 1534 nihil
606 1469 762 1534 eiusmodi
780 1472 883 1532 est-
900 1465 1027 1531 πολλοῦ

84 1553 189 1634 γεκαὶ
217 1557 271 1619 δεῖ
291 1594 348 1641 —,
378 1578 438 1622 nec
466 1557 552 1621 enim
578 1579 629 1622 me
656 1556 808 1622 fefelliset
833 1577 894 1620 nec
919 1555 1025 1636 fallet3

85 1641 132 1705 sed
153 1644 215 1708 ista
247 1645 425 1711 admonitio
454 1649 512 1710 tua
538 1649 606 1710 tam
636 1649 786 1710 accurata
813 1643 921 1709 nescio
949 1643 1026 1727 quid

84 1729 153 1794 mihi
182 1733 362 1817 significare
393 1733 463 1798 visa
495 1735 553 1797 est.
597 1733 647 1798 De
673 1731 717 1798 Μ.
731 1723 877 1798 Octavio
909 1732 1066 1796 iterumn

84 1817 140 1882 iam
159 1820 217 1885 tibi
240 1821 380 1886 rescribo
403 1823 436 1886 te
463 1822 511 1886 illi
540 1823 640 1906 probe
667 1821 885 1906 respondisse:
916 1820 1026 1904 paullo

85 1907 185 1972 vellem
200 1909 360 1974 fidentius.
386 1907 472 1974 Nam
487 1907 614 1975 (laelius
636 1911 788 1975 libertum
810 1910 851 1974 ad
873 1931 925 1972 me
938 1908 1028 1972 misit

85 1998 114 2057 et
131 1995 249 2062 litteras
272 2002 421 2063 accurate
444 1999 580 2082 scriptas
603 2000 636 2063 et
658 1999 697 2062 dc
719 1997 886 2083 pantheris
909 1999 943 2060 et
964 1996 985 2074 †
1007 2017 1028 2059 a

86 2083 270 2152 civitatibus:
301 2087 451 2172 rescripsi
477 2088 614 2152 alterum
638 2109 692 2151 me
720 2087 853 2152 moleste
875 2086 972 2166 ferre,
998 2084 1028 2148 si
1145 2157 1153 2172 Ι,

85 2191 138 2256 ego
156 2173 191 2238 in
211 2175 355 2240 tenebris
369 2177 504 2240 laterem
516 2197 576 2240 nec
590 2175 754 2240 audiretur
766 2173 889 2240 Romae
902 2172 1028 2236 nullum

87 2257 209 2327 inmea
240 2262 407 2347 provincia
440 2283 609 2328 nummum
639 2263 704 2328 nisi
733 2263 769 2327 in
801 2281 854 2326 aes
887 2259 1028 2324 alienum

86 2351 211 2436 erogari,
247 2353 403 2436 docuique
439 2373 499 2417 neo
535 2352 615 2416 mihi
652 2351 822 2416 conciliare
857 2348 1028 2434 pecuniam

87 2435 167 2503 licere
188 2460 248 2504 neo
270 2439 319 2504 illi
342 2461 468 2524 capere,
499 2441 673 2524 monuique
696 2461 783 2524 eum,
815 2459 909 2524 quem
931 2437 1027 2522 plane

88 2523 185 2612 diligo,
213 2530 265 2612 ut,
297 2550 395 2612 quum
418 2529 499 2594 alios
522 2531 718 2612 accusasset,
745 2529 869 2592 cautius
891 2527 1027 2612 rivaret3

88 2611 153 2678 illud
187 2621 297 2681 autern
334 2618 471 2681 alterum
509 2617 650 2681 alienum
686 2639 755 2682 esse
792 2615 1027 2683 existimatione

88 2720 155 2788 nea,
175 2702 345 2789 Cibyratas
367 2705 502 2790 imperio
525 2726 596 2770 meo
620 2705 746 2789 publica
769 2707 889 2771 venari.
925 2704 1028 2791 Lepta
1041 2715 1068 2755 θ’

88 2791 134 2854 tua
158 2793 294 2877 epistola
321 2793 439 2878 gaudio
467 2793 619 2876 exsultat3
653 2793 771 2859 etenim
797 2795 918 2880 scripta
944 2795 1028 2859 belle

88 2882 128 2942 est
139 2901 248 2966 meque
262 2882 349 2965 apud
363 2903 435 2946 eum
449 2903 568 2966 magna
580 2883 616 2946 in
632 2882 738 2968 gratia
759 2884 877 2967 posuit.
911 2881 1028 2948 Filiola

88 2967 134 3030 tua
158 2973 286 3054 gratum
312 2969 393 3034 mihi
419 2969 509 3054 fecit,
541 2970 627 3054 quod
653 2971 713 3035 tibi
741 2970 912 3056 diligenter
938 2993 1028 3036 man·

89 3052 170 3141 davit,
191 3062 229 3122 ut
241 3057 322 3122 mihi
336 3059 472 3123 salutem
486 3058 670 3145 ascriberes,
683 3063 813 3144 gratum
826 3058 923 3123 etiarn
935 3057 1028 3142 Pilia,

90 3143 133 3206 sed
152 3145 207 3210 illa
229 3143 418 3230 officiosius,
448 3145 533 3230 quod
556 3145 649 3231 milri,
673 3167 768 3230 quem
792 3143 1025 3232 [iampridem]

90 3249 247 3317 numquam
273 3233 368 3298 vidit:
404 3235 505 3319 igitur
531 3239 568 3300 tu
592 3255 718 3318 quoque
742 3234 878 3298 salutem
900 3234 1027 3318 utrique

146 3441 193 3512 Ep.
213 3450 238 3512 1,
256 3449 299 3498 al.
318 3447 344 3497 et
360 3447 379 3510 †
397 3461 416 3498 c
434 3443 591 3498 modalibus
609 3441 684 3510 (W.).
702 3447 729 3496 et
744 3443 778 3497 de
795 3457 816 3496 c.
837 3442 895 3511 (ψ
913 3442 960 3498 ced
973 3459 991 3497 a
1004 3457 1027 3499 c.

92 3505 192 3583 leRl,
210 3514 279 3569 Oxx.
303 3517 328 3568 ct
346 3531 365 3568 a
382 3530 404 3570 c.
423 3514 466 3567 ed.
485 3513 678 3580 Wuraeburg,
695 3511 726 3564 B.
