2582 3980
249 244 315 308 624
536 251 574 300 ux
593 245 716 300 uuum
734 243 924 320 crcuaorus

249 390 422 474 exereitus3
444 389 507 455 hoe
531 390 741 456 adolescentis
764 390 961 474 praesidium
984 389 1126 474 equidem
1146 389 1190 454 ed·

248 477 312 542 hue
334 478 463 542 firmum
487 500 556 543 esse
579 479 714 562 confido,
737 477 862 543 sedita
884 478 979 544 multi
1001 478 1192 562 labefactant,

248 569 293 650 ut,
316 587 357 630 ne
380 570 556 652 moveatur,
583 567 746 632 interdum
768 567 981 636 extimescam.
1026 565 1132 633 Hebes
1151 570 1192 630 to-

248 657 318 719 tum
333 655 379 720 rei
397 655 545 739 publicae
561 658 689 740 statum,
712 656 767 740 qui
781 655 907 740 quidem
923 654 1085 740 tumeret,
1107 677 1194 740 quum

202 739 206 748 ”
247 742 308 807 has
335 744 459 808 litteras
491 745 621 808 dabam:
653 745 749 809 velim
778 743 929 828 deinceps
960 741 1093 810 meliora
1124 745 1194 832 sint3

249 832 300 896 sin
332 833 425 896 aliter
456 832 555 898 fuerit
581 869 623 880 —
652 832 738 917 quod
769 832 803 896 di
834 853 930 898 omen
962 833 1121 898 avertant!
1151 869 1196 915 -,

248 921 295 984 rei
317 921 463 1005 publicae
486 921 588 985 vicem
611 921 736 1005 dolebo,
758 943 840 1005 quae
856 919 1049 988 immortalis
1063 914 1130 986 e's'se
1150 920 1196 986 de·

250 1009 357 1095 bebat,
378 1009 459 1074 mihi
482 1010 609 1095 quidem
632 1009 824 1094 quantulum
845 1009 961 1094 reliqui
983 1007 1056 1074 est?

700 1275 756 1339 XI.

383 1467 388 1473 ἢ
616 1396 659 1466 (A.
678 1415 705 1450 u
725 1412 747 1450 c.
768 1397 838 1465 ur.)

511 1501 656 1558 BRUTUS
669 1500 847 1558 -crcuuom
865 1500 941 1556 SAL.

131 1665 134 1671 .
221 1627 234 1667 ¹
314 1609 442 1698 Veteris
465 1609 601 1678 Antistii
626 1611 702 1676 talis
725 1611 852 1676 animus
875 1612 925 1674 est
953 1611 1081 1675 iurem
1103 1610 1201 1695 publi·

247 1719 327 1782 cam,
349 1703 476 1765 utnon
498 1700 651 1784 dubitem,
673 1699 751 1784 quin
773 1703 806 1764 et
827 1700 862 1763 in
876 1697 1012 1764 Caesare
1035 1702 1069 1764 et
1091 1700 1128 1763 in
1140 1699 1202 1763 An·

246 1788 339 1853 tonio
367 1809 401 1852 se
430 1791 652 1872 praestaturus
679 1788 778 1852 fuerit
804 1788 995 1851 acerrimum
1021 1809 1203 1876 propugna-

246 1879 351 1956 torem
383 1876 562 1942 communis
594 1877 765 1960 libertatis,
797 1876 825 1940 si
852 1875 1014 1962 occasioni
1046 1877 1205 1961 potuisset

247 1986 426 2049 occurrere3
457 1986 548 2051 nam,
575 1967 630 2050 qui
656 1966 691 2030 in
713 1964 839 2030 Achaia
864 1983 1055 2050 congressus
1079 1985 1151 2029 cum
1172 1963 1203 2028 P.

246 2053 417 2119 Dolabella
452 2054 569 2119 milites
609 2057 705 2156 atque
737 2054 860 2138 equites
894 2047 1037 2117 habente
1068 2053 1204 2138 quodvis

248 2143 336 2206 adire
367 2143 544 2226 periculum
576 2165 615 2207 ex
645 2142 770 2208 msidiis
801 2141 998 2227 paratissimi
1024 2140 1066 2205 ad
1097 2142 1205 2206 omnis

246 2231 382 2296 latronis
405 2231 555 2296 maluerit
578 2252 674 2315 quem
703 2230 804 2295 videri
821 2229 883 2296 'aut
906 2232 1036 2295 coactus
1059 2251 1130 2318 esse
1152 2253 1205 2316 pe·

247 2320 376 2383 cuniam
399 2320 474 2384 dare
493 2323 551 2384 sut
571 2320 709 2384 libenter
723 2319 847 2384 dedisse
869 2319 994 2384 homini
1007 2319 1205 2402 nequissimo

247 2410 343 2491 atque
366 2408 614 2493 improbissimo,
638 2408 666 2473 is
688 2408 783 2473 nobis
805 2407 891 2472 ultro
914 2409 948 2471 et
969 2405 1133 2491 pollicitus
1149 2412 1205 2472 ‘est

247 2499 280 2560 et
302 2495 390 2578 dedit
413 2498 560 2562 sestertia
572 2515 628 2561 xrs.
643 2519 682 2561 ex
695 2519 753 2562 sua
767 2496 912 2580 'pecunia
928 2498 969 2580 et,
991 2495 1078 2580 quod
1101 2497 1204 2561 multo

219 2583 351 2648 suarius
375 2587 432 2668 est,
455 2607 489 2649 se
511 2585 617 2669 ipsum
632 2583 750 2651 obtulit
769 2588 802 2649 et
824 2583 1000 2650 coniunxit.
1025 2581 1112 2649 Huic
1125 2606 1205 2669 per-

247 2670 386 2736 suadere.
403 2673 570 2758 capiimus,
592 2677 630 2738 ut
651 2675 827 2758 imperator
839 2673 875 2736 in
888 2672 1001 2746 castris
1023 2677 1206 2738 remaneret

246 2780 377 2844 remque
409 2760 571 2844 publicam
603 2761 804 2827 defenderet:
841 2761 956 2826 statuit
986 2760 1020 2824 id
1052 2761 1156 2840 sibi*
1179 2761 1206 2844 *,

246 2849 400 2932 quoniam
414 2850 587 2914 exercitum
606 2850 790 2933 dimisisset3
813 2849 923 2914 statim
936 2870 1012 2914 vero
1026 2848 1206 2914 rediturum

247 2936 289 3000 ad
314 2959 375 3002 nos
402 2937 604 3003 confirmavit
633 2939 796 3024 legatione
824 2939 987 3022 suscepta,
1018 2937 1083 3002 nisi
1113 2959 1205 3022 prae

316 3162 369 3234 Ep.
389 3170 431 3233 10,
450 3169 475 3219 b.
498 3165 606 3236 quiden
623 3165 695 3220 vitoe
712 3164 832 3234 reliquae
849 3168 886 3220 est
904 3163 933 3232 (l.
952 3163 1053 3234 conj.)l
1088 3163 1141 3234 ΕΡ.
1163 3171 1206 3234 11,

248 3239 271 3289 1.
290 3237 316 3287 et
332 3235 365 3289 ἐκ
382 3235 506 3290 Antonio
524 3236 599 3305 (W.).
619 3233 680 3291 Om.
698 3236 731 3290 in
748 3235 797 3290 vul
818 3251 842 3290 o.
861 3265 896 3276 -
914 3250 1073 3306 conpressus
1090 3251 1153 3290 eum
1170 3236 1206 3291 P.

248 3303 323 3371 (W.).
355 3320 446 3374 conpr.
467 3305 501 3361 P.
521 3307 569 3360 vul
590 3323 614 3361 o.
636 3335 675 3352 --
702 3307 779 3360 oltra
797 3253 828 3360 b.
847 3321 898 3360 err.
917 3307 978 3376 typ.
997 3307 1033 3346 -‘
1050 3301 1112 3361 HS.
1132 3305 1206 3361 XX.

247 3372 372 3443 (vulgo)?
389 3377 511 3430 smtcrle'a
525 3375 557 3429 X
591 3375 705 3446 .(ΜΒ,).
741 3381 766 3430 2.
784 3377 882 3430 statuit
894 3376 925 3432 id
937 3375 993 3430 ribi
1005 3377 1021 3414 *
1034 3376 1059 3443 *,
1072 3393 1097 3446 q.
1112 3375 1206 3446 (lile,

248 3441 378 3512 Gruter).
403 3444 516 3500 Excidit
527 3463 585 3500 oon
598 3447 677 3502 licere
694 3446 914 3514 calfaciendum
930 3462 988 3502 uon
1005 3461 1060 3502 esee
1077 3446 1207 3502 similare

248 3511 363 3578 aliquid.
390 3513 435 3568 An
447 3520 480 3568 st.
494 3531 515 3570 s.
530 3515 646 3571 Romam
659 3517 786 3584 mudum,
804 3535 829 3588 q.
848 3517 917 3586 (W.;
935 3533 957 3572 s.
975 3533 997 3574 a.
1011 3534 1042 3586 a,
1060 3533 1084 3588 q.
1099 3517 1161 3574 Pei
1177 3525 1208 3577 82

247 3593 269 3630 s.
287 3595 308 3633 e.
326 3582 389 3648 sebi,
405 3600 430 3652 q.
450 3591 465 3638 1
484 3584 581 3656 Oxou,
598 3585 677 3656 Rl.)?
699 3591 763 3655 †st.
780 3589 812 3644 id
829 3603 861 3655 a,
877 3605 901 3659 q.
920 3587 951 3643 B.
