2484 3974
203 265 464 321 EPISTOLARUM
484 265 534 319 AD
553 264 717 320 auulsum
735 266 768 320 X.
790 272 831 320 12.
930 263 994 328 371

459 479 532 544 XII.
546 481 577 544 b.

123 601 180 657 Ecr.
199 602 273 657 inter
291 601 338 656 111.
357 601 430 656 Non.
450 603 480 656 et
496 601 593 656 Nonas
611 601 701 656 Maias
720 616 745 654 a.
763 617 790 655 u.
809 617 832 657 c.
853 605 913 656 705.

309 699 458 762 CICERO
474 705 625 762 ATTICO
643 705 726 762 SAL.

108 813 182 880 sine
215 816 313 881 dubio
346 837 468 881 errasse
500 838 561 882 nos
588 815 804 882 confitendum
832 797 891 880 est.
933 813 1025 899 „Ati

48 905 147 982 semel,
169 907 205 969 at
226 925 293 968 una
314 905 351 969 in
368 903 431 969 re.“
457 903 561 970 Immo
585 905 702 989 omnia,
725 926 789 988 quo
813 903 998 988 diligentius

48 992 192 1078 cogitata,
215 1013 253 1057 eo
276 992 363 1058 facta
387 995 464 1058 sunt
484 991 729 1078 imprudentius.

51 1110 134 1180 Aac&
155 1111 196 1180 τὰ
219 1113 282 1199 μὲν
303 1112 527 1202 προτετύχθαι
552 1109 698 1200 ’ἐάσομεν
724 1109 909 1200 ἀχνύμενοί
927 1136 1000 1200 περ,

46 1241 79 1302 in
100 1240 228 1324 reiiquis
258 1239 354 1305 modo
381 1262 422 1305 ne
449 1262 594 1323 ruamus,
630 1239 721 1304 iubes
749 1239 835 1302 enim
862 1239 901 1304 de
928 1261 1000 1324 pro-

48 1327 179 1393 fectione
193 1349 266 1392 mea
288 1328 470 1413 providere:
493 1329 570 1412 quid
588 1327 797 1413 provideam?
818 1327 866 1393 ita
887 1331 1002 1413 patent

49 1417 159 1500 omnia,
182 1438 265 1500 quae
280 1416 420 1482 accidere
434 1420 580 1501 possunt,
602 1419 649 1500 ut,
670 1437 708 1480 ea
722 1417 750 1480 si
763 1415 872 1502 vitem,
890 1417 1001 1482 seden-

50 1503 120 1568 dum
142 1505 184 1569 sit
208 1527 280 1569 cum
303 1504 457 1572 dedecore
476 1509 510 1571 et
531 1505 650 1589 dolore,
673 1505 701 1568 si
722 1503 897 1590 negligam,
918 1505 1001 1590 peri·

49 1593 149 1657 culum
172 1593 228 1677 sit,
254 1614 296 1657 ne
318 1593 353 1674 in
375 1615 492 1659 manus
518 1593 658 1659 incidam
685 1593 894 1678 perditorum.
939 1590 1002 1659 Sed

48 1680 123 1766 vide,
145 1681 276 1766 quantis
298 1681 334 1745 in
352 1682 489 1747 miseriis
504 1679 616 1746 simus:
640 1681 819 1766 optandum
840 1682 1002 1747 interdum

48 1769 180 1854 videtin,
213 1773 250 1834 ut
281 1770 421 1854 aliquam
453 1770 648 1855 accipiamus
680 1771 721 1834 ab
752 1769 824 1834 istis
856 1771 1002 1854 quamvis

50 1857 192 1924 accrbam
205 1857 365 1943 iniuriam,
381 1861 418 1924 ut
431 1861 571 1944 tyranno
585 1858 620 1924 in
631 1858 704 1924 odio
718 1858 819 1923 fuisse
828 1858 1002 1924 videamur.

49 1944 135 2022 Quod
159 1947 187 2011 si
207 1946 303 2012 nobis
325 1947 354 2012 is
377 1967 504 2032 cursus,
535 1967 631 2032 quem
660 1967 837 2031 speraram,
868 1951 1029 2033 paternus

49 2034 219 2116 effecissem¹
242 2034 363 2120 aliquid
384 2035 541 2120 profecto,
563 2039 601 2098 ut
622 2037 660 2098 tu
682 2037 776 2118 optas
799 2037 833 2098 et
854 2033 1004 2119 hortaris,

49 2121 178 2209 dignum
201 2125 314 2189 nostra
335 2144 440 2208 mora,
467 2123 523 2188 sed
545 2122 697 2188 mirificae
725 2124 802 2186 sunt
829 2123 1004 2208 custodiae,

50 2211 231 2297 etquidem
252 2211 307 2276 ille
329 2212 398 2296 ipss
422 2209 520 2277 Curio
542 2213 719 2294 suspectus.
764 2209 870 2285 Quare
892 2211 925 2276 ri
947 2215 1004 2276 aut

49 2299 126 2364 clam
149 2299 312 2384 agendum
335 2302 441 2384 estet,
462 2301 490 2364 si
512 2300 553 2383 vi,
575 2299 693 2379 †forte
709 2319 751 2362 ne
774 2319 847 2364 cum
869 2301 1005 2384 pestate,

49 2388 127 2453 clam
150 2390 259 2452 autem
280 2387 375 2453 istis?
410 2389 532 2472 inquo
556 2387 584 2452 si
613 2385 699 2471 quod
727 2383 875 2472 σφάλμα,
906 2387 1005 2472 vides,

49 2498 141 2558 quam
155 2480 250 2561 turpe
263 2477 284 2556 †
299 2479 366 2540 est..
388 2475 569 2561 Trahimur,
590 2497 651 2542 nec
663 2475 864 2562 fugiendum,
885 2476 914 2540 si
927 2476 1004 2561 quid

48 2565 226 2630 violentius,
269 2563 319 2629 De
343 2563 452 2630 Caelio
480 2585 575 2649 saepe
601 2585 727 2629 mecum
755 2565 843 2650 agito
871 2586 945 2650 neo,
976 2566 1005 2630 si

49 2653 121 2736 quid
143 2652 287 2718 habuero
301 2653 376 2737 tale,
399 2651 568 2718 dimittam.
595 2652 771 2737 Hispanias
785 2675 879 2738 spero
895 2654 1004 2720 firmas

48 2761 125 2806 csse:
167 2739 418 2812 Massiliensium
453 2741 577 2806 factum
608 2763 707 2826 quum
738 2741 846 2826 ipsum
881 2763 939 2826 per
970 2764 1004 2811 so

47 2829 243 2894 luculentum
266 2832 324 2914 est,
347 2832 416 2894 tum
438 2829 519 2897 mihi
539 2834 731 2915 argumento
754 2833 804 2894 est
825 2833 1004 2895 recteessc

47 2916 79 2980 in
100 2916 284 3002 Hispaniis;
314 2917 421 2982 minus
444 2918 531 2982 enim
554 2917 722 3003 auderent,
744 2918 772 2982 si
795 2917 889 2982 aliter
911 2921 1005 3002 esset,

48 3009 78 3070 et
100 3005 229 3090 sanent,
251 3027 328 3070 narn
350 3009 384 3070 et
405 3005 504 3070 vieini
525 3009 559 3070 et
576 3006 746 3091 diligentes
770 3009 855 3070 sunt.
888 3003 1006 3070 Odium

48 3097 154 3159 autem
185 3097 270 3158 reete
303 3093 531 3159 animadvertis
563 3094 779 3180 significatum
806 3094 842 3158 in
867 3093 1005 3177 theatro.

114 3247 167 3320 Ep.
188 3256 229 3304 12.
247 3250 284 3315 b„
305 3257 328 3306 1.
365 3251 391 3304 A
404 3250 471 3305 Siue
484 3251 567 3306 dubio
581 3250 625 3305 W.
641 3267 674 3304 ex
690 3248 833 3304 Wielandi
847 3249 1006 3319 suspicione

47 3337 147 3376 novam
174 3319 324 3391 epistolam
350 3319 463 3390 incepit.
523 3327 548 3375 2.
579 3321 686 3388 Morte
708 3336 742 3375 aa
768 3335 829 3374 cum
849 3335 880 3389 p.
910 3319 1003 3390 (MR).

46 3393 191 3460 Mortuus
206 3407 238 3445 oc
255 3395 407 3460 tempestate
424 3391 457 3444 R.
476 3393 505 3446 et
519 3393 553 3464 d,
572 3391 621 3446 scd
639 3392 656 3463 β
674 3407 715 3444 nc.
733 3391 786 3458 Η.
805 3395 830 3444 rt
848 3407 909 3446 oum
926 3395 1004 3462 temp.

47 3462 85 3531 A,
103 3461 145 3530 F,
163 3461 230 3517 lael.
248 3463 357 3529 fortiter
374 3463 415 3517 vel
432 3479 493 3516 cam
511 3465 663 3530 tempestate
681 3459 838 3531 (Kayser.)?
863 3491 897 3502 -
925 3465 1005 3530 turpe

46 3535 125 3597 tect.
156 3531 240 3587 Trch.
261 3531 354 3600 (MRI.
383 3532 444 3588 cdd.
462 3532 548 3604 Mal).
580 3537 600 3586 t.
619 3533 662 3588 sit.
693 3531 740 3588 Tr.
761 3531 836 3601 (Mal.
856 3531 936 3603 conj,
961 3531 1004 3602 Β.)

47 3606 93 3657 aut
111 3607 132 3658 t.
150 3603 202 3670 siu
219 3602 266 3658 sed
283 3607 317 3658 tr.
337 3573 450 3673 (droa).
876 3619 878 3626 ⁴

787 3693 842 3749 aa*
888 3773 891 3776 1
