2574 3966
218 234 479 292 EPISTOLARUM
496 235 546 292 AD
564 234 729 292 ATTICUM
747 235 808 292 ΧΗ.
827 243 940 294 36-38.
989 237 1055 304 441

77 379 157 464 sed,
180 379 293 446 nescio
316 402 380 465 quc
402 384 512 464 pacto,
540 381 758 446 celebritatem
779 383 921 468 requiro,
947 383 1057 468 itaque

76 469 208 534 hortos
237 468 317 534 mihi
344 469 496 535 conficias
522 491 653 534 necesse
685 473 742 534 est.
787 469 929 537 Maxima
950 476 1001 536 est
1021 473 1058 536 in

78 555 255 642 Scapulae
278 557 456 641 celebritas,
478 557 704 642 propinquitas
725 561 901 643 praeterea,
922 560 980 625 ubi
1003 561 1057 645 sis,

76 665 128 710 ne
154 649 266 710 totum
289 645 373 710 diem
395 645 431 710 in
453 646 544 729 villa;
571 668 683 731 quare,
714 649 888 731 antequam
911 647 1057 732 discedis,

79 731 272 818 Othonem,
303 734 331 799 si
362 733 486 799 Romae
518 737 581 820 est,
612 735 785 800 convenias
814 736 977 819 pervelim.
1022 735 1057 802 Si

79 822 177 888 nihil
201 822 275 908 erit,
302 821 363 888 etsi
388 825 426 887 tu
453 844 558 888 meam
585 822 756 890 stultitiam
779 824 942 890 consuesti
963 824 1058 909 farre,

81 931 127 976 eo
154 914 268 976 tamen
290 910 493 996 progrediar,
514 911 563 976 uti
585 911 799 977 stomachose:
821 912 947 977 Drusus
971 914 1057 977 enim

84 1002 184 1065 certe
207 997 345 1064 vendere
368 999 451 1082 vult3
475 999 502 1064 si
525 1020 603 1086 ergo
617 999 704 1064 aliud
720 1021 789 1066 non
812 1001 881 1085 erit,
903 1022 974 1066 mea
997 1002 1059 1066 erit

84 1087 203 1173 culpa,
225 1087 289 1152 nisi
311 1108 428 1173 emero,
450 1088 571 1172 quain
593 1109 629 1152 re
648 1109 690 1152 ne
711 1089 813 1174 labm,
835 1110 963 1174 quaeso,
985 1111 1057 1173 pro-

83 1176 183 1260 vide,
205 1175 396 1260 providondi
414 1179 522 1242 autem
540 1198 606 1242 una
619 1177 703 1243 ratio
717 1181 775 1261 est,
798 1177 825 1242 si
839 1177 916 1262 quid
930 1177 969 1242 de
983 1176 1057 1243 Sca·

84 1264 225 1349 pulanis
234 1285 414 1348 possumus.
431 1263 477 1329 Et
485 1265 642 1331 velimme
653 1265 820 1332 certiorem
829 1266 939 1351 facias,
948 1287 1057 1350 quam·

85 1353 151 1420 diu
165 1352 201 1418 in
215 1351 402 1419 suburbano
416 1354 460 1418 sis
477 1353 615 1420 iuturus.
641 1352 739 1438 Apud
753 1353 937 1421 Terentiam
951 1355 1083 1440 gratias

87 1448 152 1508 tua
179 1462 261 1527 opus
289 1445 339 1508 est
367 1442 462 1508 nobis
488 1446 609 1527 tuaque
635 1442 841 1526 auctoritate3
868 1443 923 1508 sed
949 1441 1058 1526 facies,

88 1535 132 1598 ut
156 1529 331 1615 videbitur,
362 1531 430 1597 scio
452 1531 553 1616 enim,
584 1531 612 1596 si
635 1530 712 1615 quid
734 1551 807 1596 mea
828 1531 970 1614 intersit,
997 1531 1058 1596 tibi

89 1619 212 1684 maiori
244 1639 339 1684 curae
371 1620 474 1685 solere
505 1639 575 1686 esse
605 1641 703 1704 quam
729 1619 817 1684 mihi.
862 1619 989 1684 Hirtius
1016 1619 1083 1684 ads

90 1729 149 1774 ma
173 1706 302 1792 scripsit
315 1706 386 1773 Sex.
399 1707 589 1792 Pompeium
603 1705 753 1775 Corduba
767 1708 869 1774 exisse
883 1711 917 1772 et
935 1707 1058 1794 fugisse

91 1797 131 1863 in
150 1795 345 1881 Hispaniam
368 1796 557 1882 citeriorem,
579 1793 637 1862 On.
659 1796 782 1882 fugisse
804 1797 913 1862 nescio
937 1819 1000 1882 quo
1014 1833 1057 1844 -

90 1884 916 2038 stituittumttczfflttttttz
930 1885 1058 2038 tiit

92 2061 271 2147 naufragio
294 2062 387 2146 quasi
401 2061 498 2126 dubia
520 2061 651 2126 misisti:
674 2061 795 2125 scribas
808 2061 917 2146 igiiur,
940 2059 1056 2145 siquid

92 2151 160 2215 erit
182 2149 309 2215 certius.
354 2149 447 2227 Quod
469 2171 520 2214 me
543 2170 563 2213 a
585 2148 751 2213 maestitia
772 2170 898 2231 avocas,
920 2149 1056 2212 multum

93 2237 226 2320 levaris,
248 2237 276 2302 si
298 2237 405 2303 locum
427 2237 505 2314 fauo
529 2237 668 2303 dederis:
691 2235 794 2302 multa
816 2236 896 2300 mihi
919 2237 966 2312 εἰς
979 2229 1056 2300 circo-

95 2323 227 2392 θέωσιν
257 2325 293 2390 in
324 2330 467 2392 mentem
493 2326 642 2411 veniunt,
673 2325 729 2390 sed
758 2326 830 2390 loco
857 2324 949 2390 valde
978 2345 1058 2410 opus

96 2419 158 2502 est,
181 2434 280 2500 quere
303 2414 400 2480 ctiam
427 2417 517 2496 atque
539 2414 632 2478 etium
662 2411 825 2479 Othonem
848 2413 928 2478 vide.

488 2659 674 2727 XXXVIII.
772 2646 778 2653 ’

204 2779 263 2837 Sor.
281 2782 401 2837 Asturae
417 2781 531 2837 ineunte
549 2798 644 2838 mense
662 2783 737 2838 Maio
757 2798 782 2838 a.
801 2801 828 2838 u.
848 2799 872 2836 c.
892 2787 952 2838 709.

374 2884 523 2942 CICERO
540 2887 691 2944 ΑΤΤΙΟΟ
708 2887 792 2944 SAL.

166 2994 244 3062 Non
266 2996 394 3080 dubito,
415 2996 495 3081 quin
517 2997 782 3081 occupatissimus
804 2995 917 3078 fueris,
940 2995 995 3080 qui
1017 2995 1084 3059 ud1

97 3107 150 3152 me
174 3077 256 3150 nihil
278 3085 473 3168 litterarum3
505 3085 560 3150 sed
581 3085 857 3170 hcmc'nequam,
889 3083 944 3167 qui
966 3087 1059 3148 tuum

97 3174 305 3242 commodum
331 3194 399 3239 non
430 3173 635 3259 exspectarit,
666 3195 765 3259 quum
792 3172 834 3239 ob
861 3192 933 3237 eam
959 3193 1058 3236 unum

171 3365 224 3437 Ep.
243 3371 291 3436 37,
318 3372 343 3421 2.
370 3367 511 3436 propinq,
537 3370 689 3436 practerea,
715 3365 766 3420 ubi
797 3363 916 3434 (Popma
937 3365 966 3419 et
983 3363 1058 3432 W.)?

102 3437 124 3492 t.
145 3437 196 3494 On.
216 3437 283 3506 (IL).
311 3436 436 3492 Gnaeum
453 3437 483 3490 Β.
516 3435 638 3492 Gnaeum
654 3434 749 3508 vulgo.
769 3467 802 3476 -
820 3435 924 3490 sortus
942 3433 1057 3504 (vulgo).

97 3509 200 3564 scribes
219 3506 277 3575 (Or.
296 3507 377 3578 conj,
395 3505 455 3576 B.)?
482 3523 503 3562 a.
522 3509 610 3576 icitur
626 3507 706 3562 celim
722 3506 770 3577 (W
772 3510 807 3577 .)?
827 3535 859 3546 -
879 3506 960 3561 etium
978 3509 1058 3574 atque

100 3582 182 3636 ettam
201 3577 275 3648 (W.).
296 3576 356 3634 Om.
376 3583 457 3649 atquc
473 3593 495 3633 e.
513 3578 607 3649 vulgo.
