2574 3966
252 211 321 276 450
540 211 578 266 u.
597 208 721 268 runnu
740 211 931 270 cressonis

701 426 769 502 XL,

423 547 480 604 Ser.
499 549 619 605 Asturae
637 565 732 604 mense
750 547 826 604 Maio
844 564 869 603 a
888 568 915 604 u
934 566 958 606 e.
979 556 1037 606 709.

525 653 674 710 01οΕΒο
692 653 843 709 ATTICO
861 653 945 710 SAL.

228 783 241 824 ι
322 759 432 838 Qualis
468 761 580 828 futura
615 763 657 828 sit
690 760 835 828 Caesaris
872 764 1065 851 vituperatio
1102 769 1214 832 eontra

253 850 472 916 laudationem
504 872 623 937 meam,
658 851 806 937 perspexi
843 873 882 917 ex
914 874 952 919 eo
987 855 1085 939 libro,
1121 875 1211 940 quem

254 938 381 1004 Hirtius
404 939 445 1004 ad
468 961 519 1004 me
542 939 644 1024 misit,
670 941 706 1004 in
729 962 792 1024 quc
821 941 945 1027 colligit
970 943 1051 1008 vitia
1073 940 1211 1027 Catonis,

255 1028 311 1092 sed
335 1049 407 1092 cum
421 1028 568 1093 maximis
590 1029 740 1094 laudibus
754 1029 846 1095 meis:
869 1030 978 1116 itaque
1001 1031 1076 1096 misi
1099 1032 1209 1096 librum

256 1115 297 1180 ad
319 1114 475 1201 Muscam,
497 1120 536 1180 ut
557 1116 622 1181 tuis
646 1117 785 1182 librariis
809 1117 913 1203 daret3
934 1120 1009 1184 volo
1033 1120 1210 1185 enimcum

256 1204 428 1290 divulgari,
460 1204 547 1289 quod
579 1227 644 1290 quo
675 1205 802 1271 facilius
831 1207 902 1291 fiat,
937 1208 1113 1292 imperabis
1144 1209 1209 1272 tuis.

229 1288 551 1376 erpdovlevmubv
574 1315 669 1379 saepe
693 1316 806 1360 eonor:
830 1295 914 1360 nihil
933 1298 1070 1382 reperio,
1093 1300 1127 1362 et
1149 1297 1208 1381 qui·

157 1405 167 1427 s
255 1380 328 1446 dem
355 1402 480 1446 mecum
508 1381 612 1448 habeo
640 1386 674 1448 et
693 1376 935 1469 Ἀριστοτέλους
962 1390 995 1450 et
1016 1381 1208 1470 Θεοπόμπου

255 1492 287 1534 τι
309 1463 393 1555 πρὸς
412 1461 644 1556 Ἁλέξανδρον,
673 1471 730 1536 sed
753 1472 829 1556 quid
852 1471 977 1538 simile?
1008 1474 1057 1538 illi
1081 1476 1115 1539 et
1137 1495 1208 1558 quae

255 1559 334 1642 ipsis
356 1557 495 1622 honesta
518 1562 626 1624 essent
649 1559 832 1624 scribebant
855 1565 888 1624 et
910 1565 1004 1648 grata
1017 1561 1207 1629 Alexandro:

256 1645 369 1732 ecquid
384 1649 429 1710 tu
452 1647 608 1714 eiusmodi
630 1648 773 1734 reperis?
814 1647 894 1714 mihi
921 1650 1051 1734 quidem
1078 1651 1207 1716 nihilin

256 1737 398 1798 mentem
420 1736 518 1818 venit.
554 1735 647 1814 Quod
670 1736 782 1802 scribis
804 1739 837 1802 te
860 1737 972 1822 vereri,¹
993 1760 1034 1803 ne
1056 1743 1090 1804 et
1113 1739 1207 1826 gratia

256 1826 290 1887 et
320 1823 495 1889 auotoritas
526 1829 640 1890 nostra
669 1824 733 1890 hoc
764 1846 836 1890 mec
868 1838 1012 1892 maerore
1042 1828 1207 1910 minuatur,

256 1931 327 1997 ego,
350 1911 427 1997 quid
448 1911 597 1979 homines
620 1915 677 1978 aut
699 1913 938 1999 reprehendant
960 1918 1017 1979 aut
1042 1917 1206 2000 postulent,

256 2000 377 2065 neseio:
410 2021 451 2065 ne
475 2001 623 2066 doleam?
660 2002 715 2086 qui
737 2002 868 2086 potest?
905 2025 946 2067 ne
968 2003 1114 2068 iaceam?
1146 2005 1206 2089 quis

256 2110 410 2174 umquam
432 2089 560 2154 minus?
592 2089 680 2155 Dum
703 2093 760 2154 tua
782 2112 832 2155 me
847 2089 961 2157 domus
983 2089 1122 2176 levabat,
1145 2093 1206 2178 quis

257 2199 277 2242 a
290 2199 342 2243 me
356 2179 502 2244 exclusus
516 2175 580 2244 est?
595 2178 666 2262 quis
680 2178 778 2261 venit,
792 2178 848 2263 qui
862 2179 1099 2244 offenderetur?
1118 2179 1204 2246 Astu·

256 2287 326 2330 ram
350 2288 422 2331 sum
444 2288 464 2331 a
486 2269 518 2332 te
540 2266 719 2352 profectus:
752 2267 859 2352 legere
888 2267 943 2332 isti
969 2268 1060 2353 laeti,
1088 2270 1143 2353 qui
1163 2290 1205 2334 me

256 2353 510 2440 reprehendunt,
539 2359 608 2419 tam
630 2355 733 2419 multa
755 2376 823 2419 non
849 2360 999 2441 possunt,
1031 2379 1129 2442 quam
1154 2377 1205 2444 ego

257 2442 1204 2616 llldslllb3l2s¹1lll3dalla⁵⁶ldll¹⁸all

516 2582 525 2615 7

256 2621 376 2702 posset
420 2617 569 2704 Triginta
591 2619 717 2685 diesin
745 2619 848 2685 hortis
870 2620 931 2686 fuir
968 2623 1039 2707 quis
1063 2627 1120 2688 aut
1141 2645 1204 2690 con-

258 2727 403 2794 gressum
426 2728 533 2772 meum
549 2712 607 2773 aut
627 2709 818 2774 facilitatem
832 2709 988 2776 sermonis
1003 2710 1204 2780 desideravit?

257 2795 354 2862 Nunc
376 2796 483 2880 ipsum
506 2818 544 2861 aa
565 2797 652 2886 lego,
685 2819 723 2862 ea
746 2798 865 2882 scribo,
893 2801 931 2864 ut
952 2799 990 2882 ii,
1014 2800 1070 2885 qui
1092 2822 1204 2866 mecum

258 2890 348 2971 sunt,
381 2884 543 2951 difficilius
576 2887 678 2951 otium
709 2885 818 2952 ferant
848 2908 945 2970 quam
972 2908 1032 2973 ego
1063 2889 1203 2956 laborem.

230 2972 292 3040 ssi
315 2975 386 3060 quis
399 2974 542 3059 requirit,
565 2996 622 3040 eur
634 2973 757 3040 Romae
771 2997 838 3040 non
862 2975 936 3041 sim:
960 2975 1035 3060 qnia
1058 2975 1203 3043 discessus

257 3068 318 3148 est3
346 3085 403 3130 cur
424 3085 493 3130 non
515 3063 577 3128 sim
598 3063 634 3129 in
657 3065 703 3134 iis
719 3065 798 3129 meis
820 3063 1008 3148 praediolis,
1035 3085 1118 3150 quae
1139 3069 1203 3131 sunt

257 3153 353 3218 huius
375 3153 542 3238 temporis:
576 3153 651 3238 quia
677 3153 892 3237 frequentiam
921 3153 1011 3218 illam
1033 3174 1101 3218 non
1121 3153 1203 3220 facile

257 3242 389 3325 ferrem3
419 3241 465 3306 ibi
488 3263 559 3307 snm
589 3241 702 3328 igitur,
729 3241 785 3306 ubi
811 3241 853 3324 is,
880 3241 937 3326 qui
958 3240 1097 3324 optimas
1118 3241 1202 3308 Baias

256 3328 413 3424 habebat,
442 3329 616 3413 quotannis
638 3330 700 3395 hoe
722 3332 850 3413 tempus
873 3350 1061 3396 consumere
1084 3331 1202 3396 solebat

329 3483 381 3552 Ep.
391 3489 434 3551 40,
449 3489 474 3538 2.
494 3486 526 3539 Θ.
541 3504 567 3538 τι
581 3485 651 3554 πρὸς
665 3485 731 3555 (ll).
752 3485 813 3540 Om.
827 3507 854 3541 τι
871 3487 966 3558 vulgo.
986 3515 1019 3528 ·-
1038 3486 1203 3556 offenderem?

260 3550 349 3622 (Ital).
368 3553 511 3619 offenderet
530 3556 577 3623 (Z.‚
596 3554 731 3626 MIqB.)?
