2510 3958
240 213 307 280 296
523 213 561 268 M.
581 211 704 269 TULLII
722 212 913 268 CICERONIS

238 358 514 443 mutacionemqus
539 357 626 430 vilse
653 361 729 423 lues
756 364 801 404 “-
822 357 908 443 quod
934 358 994 424 tib1
1023 361 1103 443 puto
1127 379 1190 423 esse

237 446 420 512 faciendum
440 482 493 532 ·-,
514 449 548 511 st
568 446 710 533 ignores,
732 445 894 512 Domitius
917 468 990 512 cum
1012 447 1189 514 fascibusne

211 535 281 604 rsit
294 571 337 582 -
351 534 438 620 quod
455 557 555 620 quum
572 535 662 620 scies,
683 535 792 619 facies,
813 539 851 601 uu
868 534 1006 601 sciamus
1020 571 1072 601 -.
1085 534 1190 600 Hebes

238 623 279 688 ud
301 623 440 708 primam
462 623 641 708 epistolem
685 621 820 688 Seeufoe
842 627 920 690 suni
940 623 1032 707 duee,
1053 646 1102 710 pr.
1123 623 1189 688 Kal

238 713 351 778 embee
365 711 470 797 dates,
492 734 574 796 quse
587 732 639 777 me
653 711 874 778 convellerunt
887 711 927 777 de
940 712 1079 797 pristino
1100 715 1190 795 stetu

237 799 303 866 iem
324 804 448 886 tumen,
475 805 512 865 ue
539 803 615 866 ante
637 800 679 866 ed
701 804 734 866 le
757 800 884 885 scripsi,
909 801 1082 866 labantem.
1127 798 1189 864 Nec

237 909 288 954 me
311 892 429 974 movet,
451 887 537 973 quod
551 888 664 958 scribis
686 888 774 974 ,Iovi
789 889 853 974 ipsi
865 887 1032 972 iniquum“
1055 925 1094 936 —
1119 911 1188 953 nem
1218 959 1219 962 Ἴ

237 977 416 1062 periculum
434 977 471 1042 in
483 977 650 1062 utriusque
663 976 831 1042 iracundia
851 977 994 1061 positum
1017 981 1076 1060 esf,
1097 977 1188 1042 victo

236 1066 287 1132 ris
318 1070 425 1132 cuum
456 1066 503 1130 ile
533 1065 671 1150 incerte,
700 1070 738 1131 ut
764 1066 904 1131 deterior
922 1086 1027 1131 ·ceuss
1051 1065 1189 1150 paralion

237 1153 319 1220 mihi
341 1176 410 1219 esse
433 1154 580 1220 videatur
593 1191 646 1239 -,
667 1175 728 1219 neo
741 1175 792 1219 me
806 1154 954 1221 consules
977 1157 1120 1237 movent,
1140 1153 1189 1238 qui

237 1241 301 1327 ipsi
322 1243 433 1327 plume
455 1246 514 1307 eut
533 1243 614 1308 folio
642 1242 771 1309 facilius
797 1246 981 1318 moventur:
1018 1242 1118 1308 officii
1143 1262 1188 1305 me

238 1329 426 1396 deliberslio
449 1330 571 1396 cruciet
593 1331 809 1415 cruciavitque
824 1330 937 1396 adhuc.
963 1328 1098 1396 Certior
1110 1333 1188 1396 certe

236 1421 288 1483 esi
313 1418 454 1503 mensio,
487 1418 655 1485 honestior
682 1420 883 1486 ensumunn
911 1419 1073 1485 traiectio:
1110 1418 1188 1483 mulo
1238 1409 1239 1480 l

236 1506 412 1592 interdum,
443 1507 537 1573 multi
563 1529 614 1573 me
645 1529 714 1574 non
745 1511 851 1592 mule,
880 1529 978 1592 quem
1003 1507 1100 1591 psuoi
1127 1527 1189 1572 non
1239 1519 1240 1590 l

236 1593 372 1660 honeste
393 1595 508 1660 fecisse
531 1596 724 1661 existiment.
750 1595 800 1661 De
815 1595 939 1679 Lepido
953 1599 987 1660 et
999 1594 1095 1660 Tullo
1109 1593 1188 1681 quod
1240 1631 1241 1694 ,

238 1683 374 1767 quaeris,
395 1683 444 1747 illi
465 1705 541 1748 vero
555 1704 624 1750 non
638 1684 797 1767 dubitent,
819 1685 899 1769 quin
912 1682 1043 1750 Ceeseri
1064 1685 1188 1768 praesto

211 1769 339 1836 rfuturi
368 1770 404 1836 in
435 1774 647 1856 senatumque
678 1772 807 1838 venturi
837 1772 912 1837 sini.
962 1771 1189 1836 Recentissims
1241 1743 1242 1812 l

236 1861 295 1923 fue
317 1857 703 1945 rosenmullerus,
725 1861 760 1926 in
783 1881 848 1944 qua
870 1863 963 1944 optes
987 1880 1189 1944 congressum
1242 1853 1243 1924 l

236 1967 411 2031 pacemque
434 1967 502 2013 non
522 1948 687 2033 desperes3
710 1948 766 2013 sed
780 1969 852 2034 ego,
873 1969 973 2032 quum
986 1948 1066 2012 haee
1080 1947 1188 2012 scribe-
1243 1965 1244 2034 l

236 2035 322 2119 bem,
343 2056 403 2100 nec
423 2035 498 2101 illos
521 2057 751 2122 congressuros
764 2057 833 2121 nec,
855 2036 882 2102 si
901 2036 1067 2121 congressi
1079 2037 1189 2116 esseni,

235 2121 427 2210 Pompeium
448 2123 490 2189 ed
511 2125 612 2190 ullam
634 2124 856 2190 condicionem
878 2145 1082 2190 accessurum
1104 2126 1187 2209 pute·

235 2211 321 2278 bsm.
352 2210 445 2288 Quod
467 2212 585 2278 videris
606 2233 675 2278 non
697 2212 853 2298 dubifere,
876 2212 1070 2278 siconsulss
1092 2215 1188 2276 treus

237 2303 326 2385 esni,
348 2300 425 2384 qnid
446 2322 507 2366 nos
528 2300 634 2366 fecere
657 2304 815 2386 oportere,
837 2304 921 2366 eorde
944 2302 1116 2366 transeunt
1135 2299 1188 2379 vel,

237 2389 398 2471 quomodo
412 2409 499 2454 nuno
513 2391 573 2473 est,
584 2389 799 2473 frensierunt3
822 2390 878 2454 sed
892 2391 1054 2455 memento
1069 2391 1188 2474 prester

236 2473 380 2559 Appium
411 2476 574 2542 neminem
605 2498 674 2542 esse
701 2477 782 2561 fere,
814 2479 869 2562 qui
899 2498 968 2542 non
998 2476 1050 2542 ius
1076 2475 1188 2541 habeut

236 2563 438 2635 transeundi:
468 2586 547 2630 nem
572 2569 630 2631 cut
656 2586 730 2630 oum
755 2565 892 2652 imperio
922 2569 1011 2649 suni,
1042 2569 1081 2630 ut
1102 2564 1187 2630 Pom·

235 2650 337 2734 peius,
358 2654 396 2716 ui
409 2648 526 2737 Scipio,
546 2650 693 2738 Sufenas,
705 2652 860 2737 Fannius,
873 2653 1050 2738 Voconius,
1064 2651 1188 2732 Sestius,

236 2737 300 2822 ipsi
322 2738 483 2823 consules,
505 2741 622 2825 quibus
644 2762 733 2807 more
755 2741 913 2808 maiorum
936 2762 1125 2806 concessum
1145 2740 1188 2804 esi

236 2827 288 2892 vel
309 2847 421 2892 omnes
444 2827 532 2892 edire
553 2828 752 2914 provincius,
775 2834 832 2895 eui
852 2829 954 2915 legati
976 2833 1054 2894 sunt
1076 2847 1188 2894 eorunc

237 2913 300 2980 Sed
321 2914 404 2980 nihil
426 2914 576 2982 decerno:
600 2917 677 3002 quid
698 2919 825 3002 pluceel
844 2918 905 2983 tibi
927 2921 961 2983 et
983 2917 1060 3002 quid
1081 2933 1187 3002 prope

236 3003 367 3069 modum
392 3006 518 3069 rectum
540 3005 597 3090 sii,
624 3005 781 3088 intelligo.
825 3004 924 3070 Plurs
949 3005 1133 3086 scriberem,
1162 3001 1186 3064 si

235 3092 305 3175 ipse
331 3112 474 3176 possem3
510 3092 580 3177 sed,
609 3096 649 3158 ui
676 3093 757 3158 mihi
784 3093 908 3178 videor,
939 3096 1053 3180 potero
1087 3092 1188 3156 biduo.

235 3177 331 3245 Bulbi
361 3177 502 3246 Cornelii
532 3181 714 3246 litterarum
745 3182 939 3265 exemplum,
970 3203 1052 3265 ques
1082 3179 1187 3246 eodem

237 3263 288 3330 die
311 3269 433 3353 eccspi,
459 3290 523 3353 quo
546 3272 634 3353 tues,
660 3269 734 3334 misi
760 3270 802 3334 ud
828 3273 875 3354 te,
901 3273 939 3335 ul
964 3290 1070 3334 meum
1091 3268 1185 3333 ricem

237 3351 372 3439 doleres,
393 3377 493 3440 quum
514 3377 566 3421 me
589 3355 725 3421 derideri
746 3357 880 3422 rideres.

307 3541 360 3612 Ep.
380 3549 422 3614 15,
440 3551 465 3601 8.
485 3545 632 3614 Coponius,
650 3544 754 3604 cetius
772 3548 830 3617 (l.)?
