2594 3976
199 245 459 302 EPISTOLARUM
477 246 527 302 AD
546 245 711 302 ATTIGUM
728 247 788 303 XV.
809 254 921 302 14—16.
977 246 1042 312 563

79 390 161 476 quid
183 412 265 476 opus
289 395 383 475 esset,
405 389 552 456 Atticum
574 413 609 457 se
631 391 712 457 dixit
734 413 895 476 quaerere.
927 389 1042 477 Super·

79 479 171 544 biam
185 482 294 544 autem
306 480 408 564 ipsius
422 480 563 565 reginae,
585 502 685 564 quum
698 484 783 546 esset
795 484 886 546 nans
901 481 1043 547 Tiberim

79 569 116 632 in
148 568 270 653 hortis,
300 587 551 634 commemorare
582 569 652 634 sine
683 589 804 655 magno
836 569 946 636 dolore
975 591 1044 636 non

79 677 227 742 possum.
271 655 363 722 Nihil
384 657 485 742 igitur
507 678 581 722 cum
602 657 688 743 istis,
719 679 782 724 nec
807 661 876 722 tam
899 659 1043 724 animum

79 767 134 810 me
159 766 256 829 quam
278 744 333 810 vix
356 745 557 812 stomachum
579 745 699 812 habere
721 746 930 812 arbitrantur.
965 746 1068 813 Pro-s

79 834 257 899 sectionem
280 854 401 918 meam,
433 837 470 900 ut
492 834 599 918 video,
629 834 741 902 Erotis
763 834 961 920 dispensatio
983 836 1042 900 im·

80 921 187 1008 pedit:
209 942 295 1006 nam,
318 942 418 1006 quum
441 943 480 986 ex
497 921 638 1008 reliquis,
661 945 742 1007 quae
756 921 861 989 Nonis
875 923 1043 1009 Aprilibus

80 1010 171 1096 fecit,
193 1010 244 1074 vel
267 1009 431 1076 abundare
445 1010 588 1095 debeam,
610 1033 710 1098 cogor
722 1013 872 1097 mutuari,
894 1011 1043 1097 quodque

82 1098 218 1164 existis
244 1098 419 1164 fructuosis
446 1099 543 1165 rebus
571 1105 680 1184 recept
681 1123 737 1166 um
759 1103 822 1185 est,
794 1101 886 1165 tid
912 1121 974 1186 ago
1002 1100 1043 1164 ad

82 1186 166 1252 illud
194 1186 308 1252 fanum
340 1187 518 1272 sepositum
548 1189 718 1273 putabam3
750 1189 806 1254 sed
836 1189 899 1254 hoc
931 1188 1043 1253 Tironi

82 1275 249 1360 mandavi,
281 1296 376 1360 quem
407 1276 448 1341 ob
476 1297 547 1340 eam
577 1297 707 1342 eausam
728 1275 866 1342 Romam
893 1277 980 1361 misi,
1010 1281 1092 1342 te

82 1363 177 1428 nolui
198 1363 389 1448 impeditum
410 1365 575 1449 impedire
608 1363 720 1431 Cicero
734 1369 844 1431 noster
858 1387 922 1450 quo
936 1365 1043 1432 mode·
1055 1386 1070 1426 ι

84 1452 167 1518 stior
189 1456 248 1537 est,
271 1474 309 1518 eo
332 1473 383 1516 me
406 1454 510 1538 magis
533 1455 798 1540 commovebat
821 1475 872 1519 me
895 1455 981 1518 enim
1003 1453 1044 1518 de

84 1541 148 1606 hac
169 1561 204 1605 re
226 1503 310 1607 nihil
333 1541 469 1627 scripsit,
445 1541 532 1607 tad
549 1563 644 1626 quem
665 1504 818 1608 nirriirum
840 1542 1044 1628 potissimum

85 1630 211 1714 debuit,
243 1629 372 1714 scripsit
397 1629 459 1695 hoc
486 1633 594 1696 autem
621 1632 662 1696 ad
685 1631 850 1717 Tironem,
882 1631 943 1697 sibi
970 1634 1045 1717 post

85 1680 224 1784 Kaleni.
245 1717 440 1803 Apriles-
464 1719 510 1783 sic
537 1720 622 1784 enim
646 1741 789 1786 annuum
818 1723 946 1806 tempus
969 1741 1044 1786 con-

85 1808 204 1872 fiei-
226 1806 310 1871 nihil
332 1806 444 1872 datum
466 1829 546 1873 esse.
581 1809 663 1849 *²⁸¹*
683 1809 743 1875 tibi
765 1831 825 1896 pro
847 1813 905 1874 tua
927 1813 1046 1874 natura

87 1913 215 1980 semper
245 1894 405 1980 placuisse
441 1900 538 1981 teque
572 1898 768 1963 existimasse
799 1898 833 1963 id
869 1897 966 1962 etiam
1003 1896 1043 1961 ad

86 1985 278 2070 dignitatem
310 2005 416 2049 meam
444 1986 620 2070 perimere,
652 2007 725 2051 enm
751 2007 819 2051 non
846 1986 942 2050 modo
973 2005 1044 2069 per-

85 2073 263 2138 liberaliter
291 2073 442 2157 anobis,
474 2073 530 2137 sed
557 2072 655 2138 etiam
681 2077 794 2140 ornate
822 2074 1045 2156 cumulateque

85 2161 234 2226 tractari:
257 2182 356 2246 quare
378 2161 475 2225 velim
497 2182 643 2227 cures-
659 2183 719 2227 nec
740 2161 801 2226 tibi
822 2183 925 2226 essem
947 2161 1043 2226 mole·

87 2254 171 2335 stus,
203 2249 231 2314 si
257 2271 316 2334 per
342 2250 442 2315 alium
468 2249 531 2315 hoe
558 2271 654 2337 agere
680 2271 809 2335 possem
832 2287 885 2335 -,
914 2253 953 2315 ut
974 2270 1044 2334 per-

87 2342 230 2404 mutetur
243 2337 400 2423 Athenas,
423 2338 508 2422 quod
532 2339 575 2404 sit
595 2339 631 2403 in
654 2360 798 2405 annuum
821 2341 984 2422 sumptum
1006 2337 1045 2402 ei

88 2425 218 2493 Scilicet
246 2425 332 2492 Eros
363 2427 560 2492 numerabit:
591 2428 659 2494 eius
690 2427 738 2494 rei
769 2448 865 2492 causa
894 2425 1045 2492 'lironem

88 2516 170 2581 misi.
215 2511 350 2580 Ourabis
372 2516 473 2601 igitur
495 2519 528 2581 et
550 2516 592 2582 ad
614 2537 681 2602 me,
712 2515 839 2600 siquid
861 2516 922 2580 tibi
945 2516 984 2580 de
1007 2535 1045 2580 eo

88 2604 261 2689 videbitur,
281 2603 409 2670 scribes

500 2761 589 2830 XVI.
603 2784 631 2828 a.

183 2884 241 2938 Ser.
259 2883 290 2940 in
308 2883 419 2940 Antiati
435 2883 528 2940 medio
546 2900 641 2940 mense
659 2884 738 2940 Iunio
758 2901 782 2940 a.
801 2901 828 2939 ιι.
847 2902 871 2940 c.
891 2889 950 2940 71⁰.

363 2987 512 3046 01οΕΒο
529 2989 681 3047 mmo
698 2989 781 3047 SAL.
899 3021 902 3028 ·

155 3097 301 3164 Tandem
333 3121 352 3164 a
384 3097 583 3167 Ciceronet
568 3101 771 3185 tabellarius,
803 3102 836 3164 et
866 3098 1047 3164 mehercule

88 3191 215 3255 litterae
229 3186 465 3273 ususcapione
479 3189 626 3275 scriptae,
649 3188 764 3274 quod
753 3209 861 3273 ipsum
874 3183 1047 3274 προκοπὴν

159 3309 210 3381 Ep.
228 3311 510 3379 15„3sccit,.oclab
529 3312 610 3379 (c.o·
629 3309 658 3366 O.
661 3312 784 3384 ,(ιηβψ)
804 3308 1046 3365 OmrelMItIB

89 3414 123 3424 -
152 3329 324 3437 Seilbocl'.
393 3354 718 3466 .)s.bcecT.vulgo.
769 3380 1047 3436 lwessc***tibi

90 3453 183 3524 (Son.)
211 3451 325 3508 Excidit
370 3469 405 3523 po
422 3467 484 3507 vero
502 3455 613 3508 memini
631 3452 756 3508 simileve
775 3450 883 3521 aliquid
902 3450 1045 3520 (Sch.)e.

91 3523 307 3583 Sciam—B
335 3524 537 3593 perliberaliter
554 3524 628 3594 (Ma,
645 3524 711 3580 Rae
713 3524 774 3596 ,.,β
798 3521 885 3592 Oxx..)
914 3523 1047 3592 pcralitcr

92 3595 552 3666 M1,1.2aera1srer(v.‚vulgo)r

830 3682 886 3736 aa*
