2522 3960
176 217 433 276 EPISTOLARUM
451 219 501 275 AD
519 217 683 277 ΑΤΤΙΟΠΜ
700 219 734 276 V.
755 228 867 278 11--1a
932 221 997 286 169

53 383 106 427 nee
126 383 176 428 me
196 363 280 431 Delo
303 385 440 448 movere,
461 365 526 430 nisi
539 366 649 430 omnia
662 358 877 453 ἀκρωτηρίων
899 361 998 454 οὔρια

53 451 201 517 vidissem.
244 452 295 518 Do
318 451 471 520 Messalla
489 453 534 520 ad
555 457 589 518 te
612 455 723 520 stetim
730 505 739 540 ,
759 458 798 520 ut
819 455 936 541 audivi,
958 457 1024 521 des

54 537 147 623 (iysro
170 539 243 606 dedi
265 540 401 625 litteras,
422 545 457 607 et
476 541 511 606 id
533 542 640 627 ipsum
658 543 828 609 eonsilium
850 546 998 610 nostrum

55 629 138 693 etium
152 627 192 692 ad
205 627 438 714 Hortensium,¹
450 631 502 695 oni
518 631 649 715 quidem
662 631 755 696 valde
769 635 999 715 συνηγωνίων.

56 713 106 780 Sed
130 720 204 782 tuas
232 716 272 782 de
299 717 368 784 eius
394 717 503 783 iudicii
531 720 733 786 sermonibus
760 723 793 788 et
818 720 999 786 mehercule

56 805 130 869 omni
142 805 182 870 de
195 805 244 871 rei
257 803 405 892 publicae
419 809 507 894 statu
519 807 645 874 litteras
657 811 816 894 exspecto,
828 805 999 874 πολιτικώ-

56 915 138 978 τερον
146 891 278 978 quidem
288 895 433 979 scriptae,
442 895 596 979 quoniam
609 917 699 962 meos
712 915 786 962 eum
794 895 999 962 Thallumeto

56 986 152 1048 nostro
166 983 352 1067 pervolutas
360 983 471 1068 libros,
484 982 649 1070 eiusmodi,
661 985 804 1072 inquam,
817 985 950 1069 litteras,
962 1005 1000 1052 ex

57 1071 159 1152 quibus
181 1091 254 1158 ego,
275 1090 344 1137 non
366 1072 443 1157 qnid
465 1071 524 1138 fiat
546 1107 588 1120 -·
612 1092 689 1138 nam
710 1074 745 1138 id
766 1073 818 1138 vel
832 1071 1001 1157 Helonius,

57 1159 96 1222 r'n
115 1160 339 1246 gravissimus,
361 1163 470 1245 potest
491 1160 627 1246 efficere,
649 1161 750 1228 eliens
772 1165 847 1226 tuus
872 1197 922 1246 -,
945 1162 1000 1228 sed

59 1247 122 1330 quii
140 1247 289 1314 futurum
313 1248 369 1334 sit,
392 1250 500 1314 seiam.
546 1248 652 1326 Quum
673 1249 754 1316 haee
775 1251 877 1336 leges,
903 1250 1000 1316 habe·

58 1334 148 1401 bimus
170 1337 334 1402 eonsules:
366 1338 475 1403 omnia
497 1339 677 1422 perspicere
699 1339 834 1424 poteris,
861 1338 900 1404 tle
924 1337 1000 1405 an-

59 1444 131 1508 ssre,
152 1423 191 1489 de
214 1424 383 1510 Pompeio,
405 1425 546 1510 deipsis
568 1426 703 1492 iudiciis.
747 1425 870 1492 Nostra
893 1432 1031 1492 autemt

58 1513 189 1597 negotia,
220 1514 374 1666 gippuiam
403 1513 526 1580 Romae
558 1515 780 1600 commoraris,
812 1515 928 1580 amabo
959 1519 1002 1600 te,

59 1601 175 1683 explies.
272 1602 279 1617 '
312 1603 359 1667 rei
385 1601 516 1688 fugerat
545 1623 598 1668 me
624 1604 811 1688 reseribere,
842 1604 882 1669 de
913 1606 1002 1669 strue

59 1687 190 1768 laterum,
213 1691 311 1775 plane
332 1709 427 1776 rogo,
450 1691 489 1755 de
512 1711 610 1776 equa,
632 1692 660 1756 si
683 1691 760 1776 quid
782 1693 903 1776 poterit
922 1691 1005 1776 fieri,

61 1795 91 1839 eo
110 1777 150 1841 sis
172 1778 292 1862 animo,
314 1799 378 1862 quo
401 1779 484 1844 soles
498 1801 582 1863 esse3
605 1801 702 1864 quam
724 1799 785 1866 ego
809 1801 909 1865 quum
931 1801 1003 1845 mea

61 1868 173 1949 monte,
194 1869 265 1930 tum
288 1868 353 1932 tuis
377 1867 578 1933 sermonibus
601 1869 735 1934 aestimo
758 1867 900 1952 plurimi:
924 1889 1005 1954 ergo

63 1951 165 2035 aliquid
179 1951 344 2038 conficies,
361 1958 536 2040 praeterea,
549 1956 577 2021 si
592 1956 668 2041 quid
681 1955 851 2040 Philippus
865 1957 1007 2042 rogabit,

64 2041 135 2121 qnod
162 2043 198 2107 in
228 2046 287 2107 tua
317 2065 352 2108 re
382 2043 519 2128 feeeres,
555 2045 589 2110 id
624 2045 721 2110 veliin
751 2045 861 2109 isaias.
906 2043 1004 2109 Plura

66 2128 183 2194 seribem
205 2131 247 2195 ed
269 2134 316 2214 te,
344 2153 442 2215 quum
466 2133 655 2199 constitere:
687 2153 774 2198 nune
797 2153 885 2196 eram
906 2132 1006 2216 plane

66 2213 94 2278 in
110 2217 207 2284 medio
230 2219 321 2283 meri.

479 2413 569 2480 1111.
600 2397 601 2401 '

145 2613 148 2619 .
178 2531 234 2587 Sor.
254 2531 361 2603 Ephesi
378 2532 440 2590 Vll.
459 2535 521 2590 Kal.
541 2535 660 2592 Sextiles
679 2554 703 2592 a.
723 2554 750 2594 u.
769 2531 795 2592 e,
813 2542 873 2593 703.

334 2638 463 2696 CICERO
481 2639 616 2698 ATTICO
636 2641 711 2698 SAL.

118 2742 279 2830 Ephesum
311 2748 456 2814 venimus
479 2751 559 2815 ad.
582 2767 626 2815 xl.
648 2750 721 2815 Kal.
749 2749 884 2816 Sextiles
916 2767 1032 2817 sexa-1

68 2833 168 2912 gesimo
192 2839 225 2900 et
248 2836 507 2922 quingentesimo
529 2843 605 2923 post
625 2859 769 2924 pugnam
791 2839 1008 2906 Bovillanum

67 2913 279 3008 Navigarimus
303 2925 372 2991 sine
392 2925 507 2991 timore
522 2931 555 2991 et
568 2927 636 2992 sine
650 2949 780 3010 nausea,
802 2929 858 2993 sed
880 2928 1004 2994 tardius

67 3013 178 3093 propter
196 3012 427 3097 aphractorum
440 3014 641 3080 Rhodiorum
660 3017 922 3082 imbecillitatem.
954 3015 1004 3082 De

68 3113 203 3166 eonenrsu
225 3101 440 3186 legationum,
468 3103 681 3189 privatorum,
708 3107 742 3169 et
764 3104 802 3169 de
824 3103 1004 3170 incredibili

68 3185 265 3272 multitudine,
297 3211 378 3273 quae
405 3189 486 3256 mihi
511 3193 577 3259 iam
604 3191 706 3278 Sami,
737 3191 793 3258 sed
824 3191 1005 3257 mirabilem

68 3270 95 3335 io
111 3271 227 3342 modian
247 3275 371 3362 Ephesi
393 3283 522 3363 praesto
544 3281 617 3364 fnit,
640 3284 697 3346 aut
720 3279 846 3346 audisse
868 3283 901 3345 te
923 3283 1004 3365 puto

122 3481 167 3554 Ep.
187 3491 234 3554 12,
253 3491 279 3540 3.
311 3502 374 3557 erpo
396 3488 505 3558 aliquid
530 3489 649 3559 (Aldus).
688 3487 793 3558 aquid
816 3487 912 3559 MRI,
934 3487 1002 3545 011.

70 3564 85 3602 t
98 3554 124 3608 tu
137 3556 165 3611 id
181 3555 283 3626 Klotz,
301 3557 332 3612 B.
