2582 3980
212 205 278 270 630
494 203 532 258 m
551 203 675 258 runnu
693 201 884 258 cursoris
950 201 954 206 ’

211 354 261 432 tu,
293 349 379 433 quod
407 349 435 413 si
461 348 508 412 ite
535 351 598 432 est,
629 347 795 432 utriusque
817 348 866 412 rei
887 370 996 413 meum
1018 349 1173 414 iudicium

212 437 326 502 studeo
343 437 404 501 tibi
419 457 488 502 esse
501 436 715 519 notissimum,
736 457 840 520 neque
855 437 969 519 solum,
991 435 1173 510 absolonis

212 525 334 590 dictum
347 546 511 609 usurpem,
532 525 634 609 quiet
647 525 904 610 sapientissimus
917 524 983 590 fuit
995 547 1035 589 ex
1049 529 1175 609 septem

213 618 246 678 et
267 615 377 698 legum
401 614 539 698 scriptor
561 615 649 678 solus
663 635 703 678 ex
715 618 853 698 septem:
875 615 904 678 is
917 635 985 680 rem
1009 615 1175 698 publicam

213 702 374 767 contineri
395 702 520 767 duabus
537 701 633 767 rebus
647 702 736 785 dixit,
757 703 901 786 praemio
924 705 959 766 et
978 723 1102 787 poena;
1125 705 1176 766 est

213 790 335 856 seilicet
361 791 527 874 utriusque
555 791 602 854 rei
628 791 757 875 modus,
788 792 872 855 sient
897 791 1110 876 reliquarum,
1142 795 1176 854 et

214 880 371 964 quaedam
392 880 428 944 in
450 883 588 963 utroque
614 899 732 964 genere
759 879 973 944 mediocritas.
1019 878 1083 944 Sed
1106 900 1176 946 non

188 972 307 1032 stante
328 967 368 1034 de
390 989 425 1032 re
447 968 648 1051 propositum
661 972 712 1032 est
733 968 794 1032 boc
812 969 885 1034 loco
899 969 1074 1053 disputare,
1098 967 1176 1054 quid

214 1076 275 1141 ego
298 1061 407 1122 entem
430 1059 558 1120 secutus
580 1055 643 1122 hoc
670 1057 755 1121 bello
782 1056 843 1121 sim
870 1058 905 1121 in
933 1057 1105 1122 sententiis
1128 1057 1175 1120 di·

214 1144 340 1228 cendis,
371 1145 494 1229 aperire
517 1166 584 1209 non
607 1145 748 1209 alienum
771 1149 859 1230 puto.
903 1145 983 1210 Post
1005 1145 1175 1210 interitum

214 1231 361 1298 Caesaris
383 1237 418 1298 et
439 1237 562 1299 vestras
585 1235 809 1300 memorabiles
831 1233 908 1298 Idus
931 1233 1037 1317 Mart,
1064 1232 1175 1316 Brute,

214 1322 291 1406 quid
323 1343 384 1408 ego
412 1321 674 1406 praetermissum
700 1345 720 1386 e
748 1322 842 1388 vobis
869 1327 1088 1408 quoniamque
1116 1323 1175 1390 im-

214 1411 353 1494 pendere
374 1411 422 1475 rei
444 1411 592 1495 publicae
621 1414 846 1494 tempestatem
868 1411 1016 1494 dixerim,
1047 1433 1118 1476 non
1141 1433 1174 1475 es

214 1500 348 1601 oblitus:
371 1519 496 1602 magna·
513 1499 614 1583 pestis
637 1503 709 1564 erat
727 1500 861 1584 depulsa
882 1521 1031 1602 perros,
1054 1499 1174 1586 magna

214 1590 327 1740 tell
347 1588 829 1761 lltfffflolttulti
847 1589 945 1762 {lli
967 1592 1175 1741 littei&

214 1763 373 1848 Irepidum
396 1770 429 1828 et
450 1763 641 1850 Antonium,
663 1787 799 1849 quorum
823 1765 904 1830 alter
926 1766 1174 1848 inconstantior,

215 1854 297 1918 alter
322 1854 491 1938 impurior,
522 1856 657 1938 uterque
687 1873 800 1938 pacem
831 1858 992 1938 metuens,
1023 1853 1174 1918 inimicus

214 1943 296 2026 oti03
319 1943 371 2007 his
394 1942 580 2007 ardentibus
602 1943 839 2026 perturbandae
855 1943 902 2008 rei
924 1943 1073 2028 publicae
1088 1943 1174 2027 cupi·

215 2031 316 2096 ditate
343 2031 429 2116 quod
457 2030 579 2115 opponi
604 2034 715 2114 posset
740 2032 950 2116 praesidium,
981 2054 1049 2097 non
1076 2031 1174 2096 babe-

214 2121 329 2184 bamus
360 2153 405 2166 -
434 2122 578 2184 erexerat
609 2120 696 2184 enim
726 2141 761 2184 se
792 2121 906 2186 civitas
937 2121 973 2185 in
1004 2121 1174 2186 retinenda

189 2210 364 2274 elibertate
387 2207 592 2274 consentiens
615 2232 675 2291 -3
698 2229 759 2274 nos
781 2211 851 2273 tum
874 2209 972 2274 nimis
994 2231 1095 2293 acres,
1117 2231 1174 2274 vos

214 2299 353 2363 fortusse
366 2297 544 2381 sapientius
563 2296 743 2362 excessistis
757 2297 836 2361 urbe
850 2319 897 2380 ea,
910 2319 1008 2382 quem
1021 2299 1173 2368 liberara-

214 2387 268 2470 tis,
289 2384 403 2450 Italiae
417 2407 476 2450 sua
489 2385 580 2449 vobis
595 2384 701 2450 studia
722 2385 889 2470 profitenti
902 2386 1080 2458 remisistis.
1110 2385 1173 2450 Ita·

215 2497 259 2627 il
260 2497 306 2625 ll
323 2474 616 2627 imbui
616 2473 703 2628 bt
713 2471 1174 2628 {saltim-12

175 2671 404 2805 ense
419 2586 1100 2825 ”nn
1119 2673 1174 2826 e·

215 2849 327 2912 presse
340 2827 381 2892 ab
395 2827 502 2913 impiis
515 2828 629 2894 civitas
643 2827 825 2914 opitulandi
845 2831 1006 2914 potestate
1029 2830 1174 2914 praecisa

216 2942 274 3001 -3
298 2916 354 2981 sed
377 2917 503 2982 enimus
516 2915 611 3000 idem,
633 2917 688 3000 qui
705 2937 839 3002 semper,
853 2917 979 2982 'infixus
992 2918 1028 2982 in
1049 2920 1173 3003 patriae

215 3005 351 3070 caritate
374 3004 548 3070 discessum
575 3004 616 3068 ab
644 3005 712 3069 eins
739 3005 888 3089 periculis
915 3005 1000 3072 ferre
1027 3028 1096 3072 non
1118 3028 1172 3093 po·

216 3095 288 3160 tuit.
315 3093 429 3177 Itaque
442 3094 477 3157 in
490 3093 596 3158 medio
610 3091 753 3158 Achaico
768 3113 871 3178 cursu,
889 3105 989 3180 quum
1003 3096 1173 3162 etesiarum

217 3182 329 3246 diebus
356 3179 478 3246 Auster
503 3203 556 3246 me
581 3183 617 3246 in
643 3180 772 3246 ltaliam
799 3183 891 3266 quasi
921 3183 1087 3250 dissuasor
1111 3184 1173 3249 mei

217 3269 344 3332 consilii
374 3270 567 3354 rettulisset,
596 3274 630 3334 te
661 3271 727 3335 vidi
753 3269 866 3336 Veliae
898 3271 1049 3356 doluique
1081 3273 1174 3339 vehe-

181 3365 182 3370 ’
217 3360 355 3441 menter,
377 3356 511 3421 cedebas
534 3358 633 3442 enim,
660 3357 775 3445 Brute,
797 3359 932 3426 cedebas
955 3395 998 3412 -·
1021 3362 1173 3446 quonism

288 3540 339 3609 u·
359 3547 401 3610 1⁶.
419 3549 445 3598 ⁴-
463 3545 614 3615 nuditate
626 3549 703 3618 noa
720 3549 795 3620 (wo.
814 3567 846 3619 e
863 3567 888 3622 c·
905 3533 1010 3622 uuo?
