<?xml version="1.0" encoding="UTF-8"?>
<!DOCTYPE html PUBLIC "-//W3C//DTD XHTML 1.0 Transitional//EN"
    "http://www.w3.org/TR/xhtml1/DTD/xhtml1-transitional.dtd">
<html xmlns="http://www.w3.org/1999/xhtml" xml:lang="en" lang="en">
 <head>
  <title>
</title>
<meta http-equiv="Content-Type" content="text/html;charset=utf-8" />
  <meta name='ocr-system' content='tesseract 3.04.00' />
  <meta name='ocr-capabilities' content='ocr_page ocr_carea ocr_par ocr_line ocrx_word'/>
</head>
<body>
  <div class='ocr_page' id='page_1' title='image "./epistolae01wesegoog_0385.png"; bbox 0 0 2484 3974; ppageno 0'>
   <div class='ocr_carea' id='block_1_1' title="bbox 200 233 1025 306">
    <p class='ocr_par' dir='ltr' id='par_1_1' title="bbox 200 233 1025 306">
     <span class='ocr_line' id='line_1_1' title="bbox 200 233 1025 306; baseline -0.001 -13"><span class='ocrx_word' id='word_1_1' title='bbox 200 237 458 306; x_wconf 71' lang='lat' dir='ltr'>EPISTOLARUM</span> <span class='ocrx_word' id='word_1_2' title='bbox 475 237 525 292; x_wconf 82' lang='lat' dir='ltr'>AD</span> <span class='ocrx_word' id='word_1_3' title='bbox 543 235 708 294; x_wconf 67' lang='lat' dir='ltr'>nucleum</span> <span class='ocrx_word' id='word_1_4' title='bbox 728 236 763 292; x_wconf 66' lang='lat' dir='ltr'>K</span> <span class='ocrx_word' id='word_1_5' title='bbox 785 242 825 290; x_wconf 73' lang='lat'>14.</span> <span class='ocrx_word' id='word_1_6' title='bbox 846 242 888 292; x_wconf 76' lang='lat'>15.</span> <span class='ocrx_word' id='word_1_7' title='bbox 959 233 1025 300; x_wconf 78' lang='grc'>375</span> 
     </span>
    </p>
   </div>
   <div class='ocr_carea' id='block_1_2' title="bbox 511 450 582 516">
    <p class='ocr_par' dir='ltr' id='par_1_2' title="bbox 511 450 582 516">
     <span class='ocr_line' id='line_1_2' title="bbox 511 450 582 516; baseline 0 0"><span class='ocrx_word' id='word_1_8' title='bbox 511 450 582 516; x_wconf 87' lang='lat' dir='ltr'>XV.</span> 
     </span>
    </p>
   </div>
   <div class='ocr_carea' id='block_1_3' title="bbox 145 571 953 768">
    <p class='ocr_par' dir='ltr' id='par_1_3' title="bbox 145 571 953 768">
     <span class='ocr_line' id='line_1_3' title="bbox 145 571 953 630; baseline -0.001 -2"><span class='ocrx_word' id='word_1_9' title='bbox 145 572 202 628; x_wconf 72' lang='lat' dir='ltr'><strong>Sor.</strong></span> <span class='ocrx_word' id='word_1_10' title='bbox 221 573 249 630; x_wconf 86' lang='lat' dir='ltr'>in</span> <span class='ocrx_word' id='word_1_11' title='bbox 269 572 394 628; x_wconf 78' lang='lat' dir='ltr'>Cumano</span> <span class='ocrx_word' id='word_1_12' title='bbox 411 577 436 627; x_wconf 82' lang='lat' dir='ltr'>a.</span> <span class='ocrx_word' id='word_1_13' title='bbox 456 573 482 628; x_wconf 80' lang='lat' dir='ltr'>d.</span> <span class='ocrx_word' id='word_1_14' title='bbox 502 572 549 628; x_wconf 88' lang='lat' dir='ltr'>IV.</span> <span class='ocrx_word' id='word_1_15' title='bbox 565 572 634 628; x_wconf 83' lang='lat' dir='ltr'>Idus</span> <span class='ocrx_word' id='word_1_16' title='bbox 651 571 743 626; x_wconf 78' lang='lat' dir='ltr'>Maias</span> <span class='ocrx_word' id='word_1_17' title='bbox 760 587 784 627; x_wconf 66' lang='lat' dir='ltr'>a</span> <span class='ocrx_word' id='word_1_18' title='bbox 804 587 832 626; x_wconf 82' lang='lat' dir='ltr'>u.</span> <span class='ocrx_word' id='word_1_19' title='bbox 850 587 875 626; x_wconf 91' lang='lat' dir='ltr'>o.</span> <span class='ocrx_word' id='word_1_20' title='bbox 894 575 953 628; x_wconf 69' lang='grc' dir='ltr'>τοῦ.</span> 
     </span>
     <span class='ocr_line' id='line_1_4' title="bbox 339 675 783 768; baseline 0.002 -35"><span class='ocrx_word' id='word_1_21' title='bbox 339 675 489 768; x_wconf 60' lang='lat' dir='ltr'><strong><em>CICERO</em></strong></span> <span class='ocrx_word' id='word_1_22' title='bbox 507 677 658 734; x_wconf 72' lang='lat' dir='ltr'><em>ATTICO</em></span> <span class='ocrx_word' id='word_1_23' title='bbox 676 675 759 733; x_wconf 71' lang='lat' dir='ltr'><strong><em>SAL.</em></strong></span> <span class='ocrx_word' id='word_1_24' title='bbox 780 727 783 734; x_wconf 92' lang='lat'><em>.</em></span> 
     </span>
    </p>
   </div>
   <div class='ocr_carea' id='block_1_4' title="bbox 55 775 1057 3168">
    <p class='ocr_par' dir='ltr' id='par_1_4' title="bbox 55 775 1057 3168">
     <span class='ocr_line' id='line_1_5' title="bbox 138 775 1052 872; baseline -0.005 -20"><span class='ocrx_word' id='word_1_25' title='bbox 138 785 263 852; x_wconf 85' lang='lat' dir='ltr'>Servius</span> <span class='ocrx_word' id='word_1_26' title='bbox 287 809 386 871; x_wconf 91' lang='lat' dir='ltr'>quum</span> <span class='ocrx_word' id='word_1_27' title='bbox 409 789 493 854; x_wconf 90' lang='lat' dir='ltr'>esset</span> <span class='ocrx_word' id='word_1_28' title='bbox 507 787 592 872; x_wconf 85' lang='lat' dir='ltr'>apud</span> <span class='ocrx_word' id='word_1_29' title='bbox 614 807 674 872; x_wconf 88' lang='lat' dir='ltr'>me,</span> <span class='ocrx_word' id='word_1_30' title='bbox 697 775 851 870; x_wconf 78' lang='lat' dir='ltr'>Cephalio</span> <span class='ocrx_word' id='word_1_31' title='bbox 867 805 938 848; x_wconf 90' lang='lat' dir='ltr'>cum</span> <span class='ocrx_word' id='word_1_32' title='bbox 959 784 1052 848; x_wconf 80' lang='lat' dir='ltr'>tuisi</span> 
     </span>
     <span class='ocr_line' id='line_1_6' title="bbox 55 873 1027 959; baseline -0.004 -20"><span class='ocrx_word' id='word_1_33' title='bbox 55 875 250 940; x_wconf 69' lang='lat' dir='ltr'>litterisve</span> <span class='ocrx_word' id='word_1_34' title='bbox 273 873 350 942; x_wconf 88' lang='lat' dir='ltr'>Idus</span> <span class='ocrx_word' id='word_1_35' title='bbox 378 874 479 959; x_wconf 85' lang='lat' dir='ltr'>venit,</span> <span class='ocrx_word' id='word_1_36' title='bbox 512 881 592 959; x_wconf 84' lang='lat' dir='ltr'>quae</span> <span class='ocrx_word' id='word_1_37' title='bbox 624 874 719 939; x_wconf 87' lang='lat' dir='ltr'>nobis</span> <span class='ocrx_word' id='word_1_38' title='bbox 751 893 905 958; x_wconf 84' lang='lat' dir='ltr'>magnam</span> <span class='ocrx_word' id='word_1_39' title='bbox 937 893 1027 956; x_wconf 90' lang='lat' dir='ltr'>spem</span> 
     </span>
     <span class='ocr_line' id='line_1_7' title="bbox 56 961 1026 1032; baseline -0.004 -5"><span class='ocrx_word' id='word_1_40' title='bbox 56 965 248 1029; x_wconf 81' lang='lat' dir='ltr'>attulerunt</span> <span class='ocrx_word' id='word_1_41' title='bbox 278 963 445 1030; x_wconf 86' lang='lat' dir='ltr'>meliorum</span> <span class='ocrx_word' id='word_1_42' title='bbox 473 985 580 1028; x_wconf 87' lang='lat' dir='ltr'>rerum</span> <span class='ocrx_word' id='word_1_43' title='bbox 607 963 646 1027; x_wconf 85' lang='lat' dir='ltr'>de</span> <span class='ocrx_word' id='word_1_44' title='bbox 674 965 747 1032; x_wconf 88' lang='lat' dir='ltr'>octo</span> <span class='ocrx_word' id='word_1_45' title='bbox 775 961 961 1027; x_wconf 68' lang='lat' dir='ltr'><strong>cohortibus</strong></span> <span class='ocrx_word' id='word_1_46' title='bbox 984 996 1026 1006; x_wconf 91' lang='lat'><em>-</em></span> 
     </span>
     <span class='ocr_line' id='line_1_8' title="bbox 58 1049 1027 1138; baseline -0.003 -23"><span class='ocrx_word' id='word_1_47' title='bbox 58 1053 187 1116; x_wconf 80' lang='lat' dir='ltr'><strong>etenim</strong></span> <span class='ocrx_word' id='word_1_48' title='bbox 210 1073 266 1118; x_wconf 84' lang='lat' dir='ltr'>eae</span> <span class='ocrx_word' id='word_1_49' title='bbox 290 1073 430 1138; x_wconf 88' lang='lat' dir='ltr'>quoque,</span> <span class='ocrx_word' id='word_1_50' title='bbox 462 1073 543 1136; x_wconf 84' lang='lat' dir='ltr'>quae</span> <span class='ocrx_word' id='word_1_51' title='bbox 566 1051 601 1114; x_wconf 92' lang='lat' dir='ltr'>in</span> <span class='ocrx_word' id='word_1_52' title='bbox 623 1049 674 1114; x_wconf 92' lang='lat' dir='ltr'>his</span> <span class='ocrx_word' id='word_1_53' title='bbox 696 1050 776 1115; x_wconf 92' lang='lat' dir='ltr'>locis</span> <span class='ocrx_word' id='word_1_54' title='bbox 800 1053 888 1135; x_wconf 87' lang='lat' dir='ltr'>sunt,</span> <span class='ocrx_word' id='word_1_55' title='bbox 917 1049 1027 1113; x_wconf 84' lang='lat' dir='ltr'>labare</span> 
     </span>
     <span class='ocr_line' id='line_1_9' title="bbox 58 1137 1028 1206; baseline -0.004 -2"><span class='ocrx_word' id='word_1_56' title='bbox 58 1140 219 1206; x_wconf 68' lang='lat' dir='ltr'>dicuntur</span> <span class='ocrx_word' id='word_1_57' title='bbox 246 1164 301 1205; x_wconf 77' lang='grc' dir='ltr'>-ε</span> <span class='ocrx_word' id='word_1_58' title='bbox 334 1141 446 1206; x_wconf 84' lang='lat' dir='ltr'>eodem</span> <span class='ocrx_word' id='word_1_59' title='bbox 478 1140 528 1205; x_wconf 89' lang='lat' dir='ltr'>die</span> <span class='ocrx_word' id='word_1_60' title='bbox 559 1137 777 1204; x_wconf 81' lang='lat' dir='ltr'>Funisulanus</span> <span class='ocrx_word' id='word_1_61' title='bbox 805 1160 824 1202; x_wconf 83' lang='lat' dir='ltr'>a</span> <span class='ocrx_word' id='word_1_62' title='bbox 852 1141 885 1201; x_wconf 91' lang='lat' dir='ltr'>te</span> <span class='ocrx_word' id='word_1_63' title='bbox 917 1137 1028 1201; x_wconf 79' lang='lat' dir='ltr'>attulit</span> 
     </span>
     <span class='ocr_line' id='line_1_10' title="bbox 55 1223 1027 1314; baseline -0.005 -21"><span class='ocrx_word' id='word_1_64' title='bbox 55 1229 203 1314; x_wconf 83' lang='lat' dir='ltr'>litteras,</span> <span class='ocrx_word' id='word_1_65' title='bbox 225 1229 261 1294; x_wconf 92' lang='lat' dir='ltr'>in</span> <span class='ocrx_word' id='word_1_66' title='bbox 283 1229 399 1313; x_wconf 87' lang='lat' dir='ltr'>quibus</span> <span class='ocrx_word' id='word_1_67' title='bbox 422 1233 492 1294; x_wconf 86' lang='lat' dir='ltr'>erat</span> <span class='ocrx_word' id='word_1_68' title='bbox 515 1227 732 1293; x_wconf 85' lang='lat' dir='ltr'>confirmatius</span> <span class='ocrx_word' id='word_1_69' title='bbox 755 1225 839 1300; x_wconf 83' lang='lat' dir='ltr'>idem</span> <span class='ocrx_word' id='word_1_70' title='bbox 862 1225 950 1290; x_wconf 87' lang='lat' dir='ltr'>illud.</span> <span class='ocrx_word' id='word_1_71' title='bbox 985 1223 1027 1288; x_wconf 79' lang='lat' dir='ltr'>ni</span> 
     </span>
     <span class='ocr_line' id='line_1_11' title="bbox 59 1314 1028 1404; baseline -0.003 -24"><span class='ocrx_word' id='word_1_72' title='bbox 59 1318 106 1380; x_wconf 82' lang='lat' dir='ltr'>dc</span> <span class='ocrx_word' id='word_1_73' title='bbox 132 1337 190 1383; x_wconf 88' lang='lat' dir='ltr'>suo</span> <span class='ocrx_word' id='word_1_74' title='bbox 214 1318 346 1402; x_wconf 86' lang='lat' dir='ltr'>negotio</span> <span class='ocrx_word' id='word_1_75' title='bbox 373 1317 525 1404; x_wconf 85' lang='lat' dir='ltr'><strong>respondi</strong></span> <span class='ocrx_word' id='word_1_76' title='bbox 555 1317 728 1399; x_wconf 84' lang='lat' dir='ltr'>cumulate,</span> <span class='ocrx_word' id='word_1_77' title='bbox 759 1337 832 1379; x_wconf 89' lang='lat' dir='ltr'>cum</span> <span class='ocrx_word' id='word_1_78' title='bbox 860 1314 948 1379; x_wconf 91' lang='lat' dir='ltr'>omni</span> <span class='ocrx_word' id='word_1_79' title='bbox 969 1316 1028 1377; x_wconf 89' lang='lat' dir='ltr'>tua</span> 
     </span>
     <span class='ocr_line' id='line_1_12' title="bbox 59 1400 1028 1490; baseline -0.003 -22"><span class='ocrx_word' id='word_1_80' title='bbox 59 1405 183 1490; x_wconf 79' lang='lat' dir='ltr'>gratia</span> <span class='ocrx_word' id='word_1_81' title='bbox 219 1405 336 1470; x_wconf 84' lang='lat' dir='ltr'>Adhuc</span> <span class='ocrx_word' id='word_1_82' title='bbox 359 1427 426 1471; x_wconf 90' lang='lat' dir='ltr'>non</span> <span class='ocrx_word' id='word_1_83' title='bbox 449 1405 676 1490; x_wconf 82' lang='lat' dir='ltr'>satisfaciebat,</span> <span class='ocrx_word' id='word_1_84' title='bbox 700 1403 795 1468; x_wconf 85' lang='lat' dir='ltr'>debet</span> <span class='ocrx_word' id='word_1_85' title='bbox 817 1406 924 1467; x_wconf 89' lang='lat' dir='ltr'>autem</span> <span class='ocrx_word' id='word_1_86' title='bbox 939 1400 1028 1466; x_wconf 78' lang='lat' dir='ltr'>&#39;mihi</span> 
     </span>
     <span class='ocr_line' id='line_1_13' title="bbox 63 1491 1027 1576; baseline -0.003 -19"><span class='ocrx_word' id='word_1_87' title='bbox 63 1494 189 1558; x_wconf 88' lang='lat' dir='ltr'>multos</span> <span class='ocrx_word' id='word_1_88' title='bbox 212 1513 361 1560; x_wconf 87' lang='lat' dir='ltr'>nummos</span> <span class='ocrx_word' id='word_1_89' title='bbox 385 1515 444 1558; x_wconf 91' lang='lat' dir='ltr'>neo</span> <span class='ocrx_word' id='word_1_90' title='bbox 470 1493 607 1560; x_wconf 86' lang='lat' dir='ltr'>habetur</span> <span class='ocrx_word' id='word_1_91' title='bbox 628 1493 785 1576; x_wconf 81' lang='lat' dir='ltr'>locuples:</span> <span class='ocrx_word' id='word_1_92' title='bbox 814 1512 901 1556; x_wconf 90' lang='lat' dir='ltr'>nuno</span> <span class='ocrx_word' id='word_1_93' title='bbox 924 1491 971 1554; x_wconf 89' lang='lat' dir='ltr'>ait</span> <span class='ocrx_word' id='word_1_94' title='bbox 993 1510 1027 1554; x_wconf 85' lang='lat' dir='ltr'>se</span> 
     </span>
     <span class='ocr_line' id='line_1_14' title="bbox 57 1577 1027 1667; baseline -0.003 -22"><span class='ocrx_word' id='word_1_95' title='bbox 57 1581 231 1665; x_wconf 84' lang='lat' dir='ltr'>-daturum,</span> <span class='ocrx_word' id='word_1_96' title='bbox 254 1583 305 1648; x_wconf 91' lang='lat' dir='ltr'>cui</span> <span class='ocrx_word' id='word_1_97' title='bbox 323 1604 497 1667; x_wconf 84' lang='lat' dir='ltr'>expensum</span> <span class='ocrx_word' id='word_1_98' title='bbox 515 1582 634 1665; x_wconf 87' lang='lat' dir='ltr'>tulerit,</span> <span class='ocrx_word' id='word_1_99' title='bbox 656 1580 784 1665; x_wconf 79' lang='lat' dir='ltr'>morari,</span> <span class='ocrx_word' id='word_1_100' title='bbox 806 1577 1027 1658; x_wconf 85' lang='lat' dir='ltr'>†tabellarius</span> 
     </span>
     <span class='ocr_line' id='line_1_15' title="bbox 61 1664 1028 1756; baseline -0.002 -23"><span class='ocrx_word' id='word_1_101' title='bbox 61 1671 207 1756; x_wconf 29' lang='lat' dir='ltr'>siiapud</span> <span class='ocrx_word' id='word_1_102' title='bbox 229 1674 262 1736; x_wconf 86' lang='lat' dir='ltr'>te</span> <span class='ocrx_word' id='word_1_103' title='bbox 285 1691 454 1755; x_wconf 88' lang='lat' dir='ltr'>esse-quas</span> <span class='ocrx_word' id='word_1_104' title='bbox 478 1670 701 1753; x_wconf 76' lang='lat' dir='ltr'>satisfecisses,</span> <span class='ocrx_word' id='word_1_105' title='bbox 732 1664 838 1751; x_wconf 55' lang='lat' dir='ltr'>dares}</span> <span class='ocrx_word' id='word_1_106' title='bbox 871 1670 1028 1752; x_wconf 81' lang='lat' dir='ltr'>quantum</span> 
     </span>
     <span class='ocr_line' id='line_1_16' title="bbox 65 1756 1055 1840; baseline -0.004 -19"><span class='ocrx_word' id='word_1_107' title='bbox 65 1758 119 1840; x_wconf 87' lang='lat' dir='ltr'>sit,</span> <span class='ocrx_word' id='word_1_108' title='bbox 144 1757 230 1823; x_wconf 81' lang='lat' dir='ltr'>Eros</span> <span class='ocrx_word' id='word_1_109' title='bbox 243 1757 409 1825; x_wconf 78' lang='lat' dir='ltr'><strong>Philotimi</strong></span> <span class='ocrx_word' id='word_1_110' title='bbox 431 1759 491 1823; x_wconf 86' lang='lat' dir='ltr'>tibi</span> <span class='ocrx_word' id='word_1_111' title='bbox 514 1759 606 1823; x_wconf 86' lang='lat' dir='ltr'>dicet.</span> <span class='ocrx_word' id='word_1_112' title='bbox 636 1756 698 1823; x_wconf 77' lang='lat' dir='ltr'>sed</span> <span class='ocrx_word' id='word_1_113' title='bbox 722 1757 763 1822; x_wconf 85' lang='lat' dir='ltr'>ad</span> <span class='ocrx_word' id='word_1_114' title='bbox 785 1757 907 1822; x_wconf 88' lang='lat' dir='ltr'>maiora</span> <span class='ocrx_word' id='word_1_115' title='bbox 920 1756 1055 1820; x_wconf 81' lang='lat' dir='ltr'>redes-s</span> 
     </span>
     <span class='ocr_line' id='line_1_17' title="bbox 66 1845 1027 1932; baseline -0.002 -22"><span class='ocrx_word' id='word_1_116' title='bbox 66 1869 151 1912; x_wconf 91' lang='lat' dir='ltr'>mus.</span> <span class='ocrx_word' id='word_1_117' title='bbox 195 1845 287 1922; x_wconf 89' lang='lat' dir='ltr'>Quod</span> <span class='ocrx_word' id='word_1_118' title='bbox 310 1851 414 1932; x_wconf 85' lang='lat' dir='ltr'>optas,</span> <span class='ocrx_word' id='word_1_119' title='bbox 436 1845 623 1914; x_wconf 79' lang='lat' dir='ltr'>Caelianum</span> <span class='ocrx_word' id='word_1_120' title='bbox 645 1845 724 1910; x_wconf 88' lang='lat' dir='ltr'>illud</span> <span class='ocrx_word' id='word_1_121' title='bbox 747 1845 1027 1929; x_wconf 78' lang='lat' dir='ltr'>maturescit31ta·</span> 
     </span>
     <span class='ocr_line' id='line_1_18' title="bbox 63 1932 1028 2019; baseline -0.002 -19"><span class='ocrx_word' id='word_1_122' title='bbox 63 1956 131 2018; x_wconf 86' lang='lat' dir='ltr'>que</span> <span class='ocrx_word' id='word_1_123' title='bbox 147 1939 308 2019; x_wconf 86' lang='lat' dir='ltr'>torqueor,</span> <span class='ocrx_word' id='word_1_124' title='bbox 330 1940 440 2001; x_wconf 87' lang='lat' dir='ltr'>utrum</span> <span class='ocrx_word' id='word_1_125' title='bbox 453 1940 585 2001; x_wconf 86' lang='lat' dir='ltr'>ventum</span> <span class='ocrx_word' id='word_1_126' title='bbox 600 1937 792 2018; x_wconf 77' lang='lat' dir='ltr'>exspectem:</span> <span class='ocrx_word' id='word_1_127' title='bbox 816 1932 932 1998; x_wconf 83' lang='lat' dir='ltr'>uexillo</span> <span class='ocrx_word' id='word_1_128' title='bbox 948 1955 1028 2017; x_wconf 91' lang='lat' dir='ltr'>opus</span> 
     </span>
     <span class='ocr_line' id='line_1_19' title="bbox 62 2021 1028 2108; baseline -0.002 -22"><span class='ocrx_word' id='word_1_129' title='bbox 62 2027 130 2108; x_wconf 80' lang='lat' dir='ltr'>est3</span> <span class='ocrx_word' id='word_1_130' title='bbox 155 2024 382 2089; x_wconf 86' lang='lat' dir='ltr'>convolabunt.</span> <span class='ocrx_word' id='word_1_131' title='bbox 428 2023 520 2101; x_wconf 83' lang='lat' dir='ltr'>Quod</span> <span class='ocrx_word' id='word_1_132' title='bbox 544 2023 672 2104; x_wconf 85' lang='lat' dir='ltr'>suades,</span> <span class='ocrx_word' id='word_1_133' title='bbox 694 2024 732 2084; x_wconf 89' lang='lat' dir='ltr'>ut</span> <span class='ocrx_word' id='word_1_134' title='bbox 753 2021 874 2104; x_wconf 84' lang='lat' dir='ltr'>palam,</span> <span class='ocrx_word' id='word_1_135' title='bbox 896 2042 1028 2104; x_wconf 88' lang='lat' dir='ltr'>prorsus</span> 
     </span>
     <span class='ocr_line' id='line_1_20' title="bbox 62 2111 1029 2196; baseline -0.003 -21"><span class='ocrx_word' id='word_1_136' title='bbox 62 2111 231 2177; x_wconf 81' lang='lat' dir='ltr'>assentior</span> <span class='ocrx_word' id='word_1_137' title='bbox 252 2113 361 2196; x_wconf 79' lang='lat' dir='ltr'>itaque</span> <span class='ocrx_word' id='word_1_138' title='bbox 384 2133 435 2178; x_wconf 85' lang='lat' dir='ltr'>me</span> <span class='ocrx_word' id='word_1_139' title='bbox 458 2112 678 2196; x_wconf 83' lang='lat' dir='ltr'>profecturum</span> <span class='ocrx_word' id='word_1_140' title='bbox 700 2111 794 2193; x_wconf 82' lang='lat' dir='ltr'>put03</span> <span class='ocrx_word' id='word_1_141' title='bbox 822 2111 1029 2188; x_wconf 28' lang='lat' dir='ltr'>tuasltemen</span> 
     </span>
     <span class='ocr_line' id='line_1_21' title="bbox 64 2194 1028 2286; baseline -0.003 -23"><span class='ocrx_word' id='word_1_142' title='bbox 64 2201 201 2264; x_wconf 88' lang='lat' dir='ltr'>interim</span> <span class='ocrx_word' id='word_1_143' title='bbox 230 2200 355 2266; x_wconf 72' lang='lat' dir='ltr'>litteras</span> <span class='ocrx_word' id='word_1_144' title='bbox 378 2204 536 2286; x_wconf 86' lang='lat' dir='ltr'>exspecto.</span> <span class='ocrx_word' id='word_1_145' title='bbox 582 2197 684 2262; x_wconf 76' lang='lat' dir='ltr'>Servii</span> <span class='ocrx_word' id='word_1_146' title='bbox 711 2194 845 2262; x_wconf 87' lang='lat' dir='ltr'>consilio</span> <span class='ocrx_word' id='word_1_147' title='bbox 873 2195 955 2260; x_wconf 92' lang='lat' dir='ltr'>nihil</span> <span class='ocrx_word' id='word_1_148' title='bbox 978 2217 1028 2260; x_wconf 83' lang='lat' dir='ltr'>ex·</span> 
     </span>
     <span class='ocr_line' id='line_1_22' title="bbox 62 2284 1028 2374; baseline -0.006 -21"><span class='ocrx_word' id='word_1_149' title='bbox 62 2289 213 2372; x_wconf 86' lang='lat' dir='ltr'>peditur:</span> <span class='ocrx_word' id='word_1_150' title='bbox 246 2309 357 2354; x_wconf 89' lang='lat' dir='ltr'>omncs</span> <span class='ocrx_word' id='word_1_151' title='bbox 381 2288 545 2374; x_wconf 82' lang='lat' dir='ltr'>captiones</span> <span class='ocrx_word' id='word_1_152' title='bbox 567 2287 604 2352; x_wconf 92' lang='lat' dir='ltr'>in</span> <span class='ocrx_word' id='word_1_153' title='bbox 626 2284 715 2350; x_wconf 91' lang='lat' dir='ltr'>omni</span> <span class='ocrx_word' id='word_1_154' title='bbox 737 2284 898 2349; x_wconf 88' lang='lat' dir='ltr'>sententia</span> <span class='ocrx_word' id='word_1_155' title='bbox 922 2304 1028 2349; x_wconf 87' lang='lat' dir='ltr'>oecur-</span> 
     </span>
     <span class='ocr_line' id='line_1_23' title="bbox 64 2371 1038 2460; baseline -0.004 -20"><span class='ocrx_word' id='word_1_156' title='bbox 64 2379 155 2442; x_wconf 86' lang='lat' dir='ltr'>runt.</span> <span class='ocrx_word' id='word_1_157' title='bbox 208 2375 317 2460; x_wconf 82' lang='lat' dir='ltr'>Unum</span> <span class='ocrx_word' id='word_1_158' title='bbox 358 2375 392 2442; x_wconf 84' lang='lat'>0.</span> <span class='ocrx_word' id='word_1_159' title='bbox 429 2375 616 2442; x_wconf 85' lang='lat' dir='ltr'>Marcellum</span> <span class='ocrx_word' id='word_1_160' title='bbox 652 2372 790 2459; x_wconf 81' lang='lat' dir='ltr'>cognovi</span> <span class='ocrx_word' id='word_1_161' title='bbox 826 2371 1038 2455; x_wconf 69' lang='lat' dir='ltr'>timidiorem.</span> 
     </span>
     <span class='ocr_line' id='line_1_24' title="bbox 66 2455 1030 2550; baseline -0.006 -20"><span class='ocrx_word' id='word_1_162' title='bbox 66 2487 166 2549; x_wconf 90' lang='lat' dir='ltr'>quem</span> <span class='ocrx_word' id='word_1_163' title='bbox 182 2467 345 2530; x_wconf 88' lang='lat' dir='ltr'>consulem</span> <span class='ocrx_word' id='word_1_164' title='bbox 359 2465 458 2530; x_wconf 88' lang='lat' dir='ltr'>fuisse</span> <span class='ocrx_word' id='word_1_165' title='bbox 481 2464 637 2550; x_wconf 88' lang='lat' dir='ltr'>poenitet:</span> <span class='ocrx_word' id='word_1_166' title='bbox 661 2455 687 2526; x_wconf 82' lang='lat' dir='ltr'>oi</span> <span class='ocrx_word' id='word_1_167' title='bbox 703 2460 827 2544; x_wconf 77' lang='grc' dir='ltr'><strong><em>πολλῆς</em></strong></span> <span class='ocrx_word' id='word_1_168' title='bbox 840 2455 1030 2544; x_wconf 68' lang='grc' dir='ltr'><em>ἀγεννείας]</em></span> 
     </span>
     <span class='ocr_line' id='line_1_25' title="bbox 64 2549 1029 2638; baseline -0.006 -19"><span class='ocrx_word' id='word_1_169' title='bbox 64 2553 123 2638; x_wconf 90' lang='lat' dir='ltr'>qui</span> <span class='ocrx_word' id='word_1_170' title='bbox 148 2553 247 2617; x_wconf 85' lang='lat' dir='ltr'>etiam</span> <span class='ocrx_word' id='word_1_171' title='bbox 261 2553 441 2618; x_wconf 87' lang='lat' dir='ltr'>Antonium</span> <span class='ocrx_word' id='word_1_172' title='bbox 464 2553 669 2620; x_wconf 86' lang='lat' dir='ltr'>confirmasse</span> <span class='ocrx_word' id='word_1_173' title='bbox 692 2549 818 2634; x_wconf 84' lang='lat' dir='ltr'>dicitur,</span> <span class='ocrx_word' id='word_1_174' title='bbox 840 2554 878 2614; x_wconf 87' lang='lat' dir='ltr'>ut</span> <span class='ocrx_word' id='word_1_175' title='bbox 896 2571 948 2614; x_wconf 93' lang='lat' dir='ltr'>me</span> <span class='ocrx_word' id='word_1_176' title='bbox 968 2549 1029 2613; x_wconf 91' lang='lat' dir='ltr'>im-</span> 
     </span>
     <span class='ocr_line' id='line_1_26' title="bbox 66 2637 1057 2726; baseline -0.008 -20"><span class='ocrx_word' id='word_1_177' title='bbox 66 2642 205 2726; x_wconf 85' lang='lat' dir='ltr'>pediret,</span> <span class='ocrx_word' id='word_1_178' title='bbox 228 2663 290 2726; x_wconf 89' lang='lat' dir='ltr'>quo</span> <span class='ocrx_word' id='word_1_179' title='bbox 304 2641 383 2726; x_wconf 82' lang='lat' dir='ltr'>ipse,</span> <span class='ocrx_word' id='word_1_180' title='bbox 406 2640 509 2724; x_wconf 88' lang='lat' dir='ltr'>credo,</span> <span class='ocrx_word' id='word_1_181' title='bbox 530 2639 709 2706; x_wconf 87' lang='lat' dir='ltr'>honestius.</span> <span class='ocrx_word' id='word_1_182' title='bbox 734 2637 900 2703; x_wconf 83' lang='lat' dir='ltr'>Antonius</span> <span class='ocrx_word' id='word_1_183' title='bbox 922 2643 1057 2703; x_wconf 77' lang='lat' dir='ltr'>autema</span> 
     </span>
     <span class='ocr_line' id='line_1_27' title="bbox 64 2725 1030 2814; baseline -0.004 -20"><span class='ocrx_word' id='word_1_184' title='bbox 64 2749 111 2794; x_wconf 79' lang='lat' dir='ltr'>vt.</span> <span class='ocrx_word' id='word_1_185' title='bbox 143 2727 223 2793; x_wconf 89' lang='lat' dir='ltr'>Idus</span> <span class='ocrx_word' id='word_1_186' title='bbox 255 2727 398 2814; x_wconf 81' lang='lat' dir='ltr'>Capuam</span> <span class='ocrx_word' id='word_1_187' title='bbox 430 2725 593 2814; x_wconf 82' lang='lat' dir='ltr'>profectus</span> <span class='ocrx_word' id='word_1_188' title='bbox 626 2731 688 2809; x_wconf 83' lang='lat' dir='ltr'>est3</span> <span class='ocrx_word' id='word_1_189' title='bbox 720 2725 762 2790; x_wconf 85' lang='lat' dir='ltr'>sd</span> <span class='ocrx_word' id='word_1_190' title='bbox 793 2748 844 2791; x_wconf 91' lang='lat' dir='ltr'>me</span> <span class='ocrx_word' id='word_1_191' title='bbox 876 2727 965 2791; x_wconf 86' lang='lat' dir='ltr'>misit</span> <span class='ocrx_word' id='word_1_192' title='bbox 996 2748 1030 2790; x_wconf 90' lang='lat' dir='ltr'>se</span> 
     </span>
     <span class='ocr_line' id='line_1_28' title="bbox 67 2813 1031 2902; baseline -0.003 -20"><span class='ocrx_word' id='word_1_193' title='bbox 67 2816 194 2902; x_wconf 85' lang='lat' dir='ltr'>pudore</span> <span class='ocrx_word' id='word_1_194' title='bbox 226 2817 413 2882; x_wconf 86' lang='lat' dir='ltr'>deterritum</span> <span class='ocrx_word' id='word_1_195' title='bbox 446 2816 486 2881; x_wconf 86' lang='lat' dir='ltr'>ad</span> <span class='ocrx_word' id='word_1_196' title='bbox 516 2837 566 2886; x_wconf 89' lang='lat' dir='ltr'>me</span> <span class='ocrx_word' id='word_1_197' title='bbox 594 2836 661 2880; x_wconf 92' lang='lat' dir='ltr'>non</span> <span class='ocrx_word' id='word_1_198' title='bbox 690 2815 830 2898; x_wconf 78' lang='lat' dir='ltr'>venisse,</span> <span class='ocrx_word' id='word_1_199' title='bbox 862 2813 947 2900; x_wconf 89' lang='lat' dir='ltr'>quod</span> <span class='ocrx_word' id='word_1_200' title='bbox 979 2821 1031 2879; x_wconf 86' lang='lat' dir='ltr'>me</span> 
     </span>
     <span class='ocr_line' id='line_1_29' title="bbox 64 2901 1030 2990; baseline -0.004 -20"><span class='ocrx_word' id='word_1_201' title='bbox 64 2905 133 2970; x_wconf 89' lang='lat' dir='ltr'>sibi</span> <span class='ocrx_word' id='word_1_202' title='bbox 157 2926 342 2970; x_wconf 90' lang='lat' dir='ltr'>suscensere</span> <span class='ocrx_word' id='word_1_203' title='bbox 364 2906 502 2990; x_wconf 86' lang='lat' dir='ltr'>putaret.</span> <span class='ocrx_word' id='word_1_204' title='bbox 529 2901 634 2968; x_wconf 90' lang='lat' dir='ltr'>Ibitur</span> <span class='ocrx_word' id='word_1_205' title='bbox 646 2903 755 2987; x_wconf 84' lang='lat' dir='ltr'>igitur,</span> <span class='ocrx_word' id='word_1_206' title='bbox 778 2903 870 2966; x_wconf 79' lang='lat' dir='ltr'>etita</span> <span class='ocrx_word' id='word_1_207' title='bbox 893 2902 1030 2985; x_wconf 89' lang='lat' dir='ltr'>quidem,</span> 
     </span>
     <span class='ocr_line' id='line_1_30' title="bbox 67 2989 1030 3078; baseline -0.005 -19"><span class='ocrx_word' id='word_1_208' title='bbox 67 2999 103 3059; x_wconf 86' lang='lat' dir='ltr'>ut</span> <span class='ocrx_word' id='word_1_209' title='bbox 119 3013 245 3058; x_wconf 85' lang='lat' dir='ltr'>censes:</span> <span class='ocrx_word' id='word_1_210' title='bbox 268 2993 332 3059; x_wconf 93' lang='lat' dir='ltr'>nisi</span> <span class='ocrx_word' id='word_1_211' title='bbox 347 2994 436 3058; x_wconf 91' lang='lat' dir='ltr'>ouius</span> <span class='ocrx_word' id='word_1_212' title='bbox 450 2991 607 3078; x_wconf 81' lang='lat' dir='ltr'>gravioris</span> <span class='ocrx_word' id='word_1_213' title='bbox 629 3009 787 3074; x_wconf 84' lang='lat' dir='ltr'>personae</span> <span class='ocrx_word' id='word_1_214' title='bbox 810 2989 1030 3073; x_wconf 87' lang='lat' dir='ltr'>suscipiendae</span> 
     </span>
     <span class='ocr_line' id='line_1_31' title="bbox 67 3077 1030 3168; baseline -0.005 -21"><span class='ocrx_word' id='word_1_215' title='bbox 67 3103 146 3168; x_wconf 90' lang='lat' dir='ltr'>spes</span> <span class='ocrx_word' id='word_1_216' title='bbox 170 3083 231 3146; x_wconf 89' lang='lat' dir='ltr'>erit</span> <span class='ocrx_word' id='word_1_217' title='bbox 245 3085 319 3147; x_wconf 80' lang='lat' dir='ltr'>ente</span> <span class='ocrx_word' id='word_1_218' title='bbox 340 3082 461 3165; x_wconf 83' lang='lat' dir='ltr'>oblata3</span> <span class='ocrx_word' id='word_1_219' title='bbox 485 3079 540 3145; x_wconf 88' lang='lat' dir='ltr'>sed</span> <span class='ocrx_word' id='word_1_220' title='bbox 558 3081 611 3144; x_wconf 82' lang='lat' dir='ltr'><strong>vix</strong></span> <span class='ocrx_word' id='word_1_221' title='bbox 625 3079 686 3142; x_wconf 85' lang='lat' dir='ltr'>erit</span> <span class='ocrx_word' id='word_1_222' title='bbox 698 3082 767 3142; x_wconf 92' lang='lat' dir='ltr'>tam</span> <span class='ocrx_word' id='word_1_223' title='bbox 788 3077 861 3162; x_wconf 85' lang='lat' dir='ltr'>cito,</span> <span class='ocrx_word' id='word_1_224' title='bbox 883 3077 1030 3144; x_wconf 85' lang='lat' dir='ltr'>Allienus</span> 
     </span>
    </p>
   </div>
   <div class='ocr_carea' id='block_1_5' title="bbox 65 3214 1031 3644">
    <p class='ocr_par' dir='ltr' id='par_1_5' title="bbox 65 3214 1031 3644">
     <span class='ocr_line' id='line_1_32' title="bbox 140 3214 1030 3290; baseline -0.004 -16"><span class='ocrx_word' id='word_1_225' title='bbox 140 3219 193 3290; x_wconf 80' lang='lat' dir='ltr'>Ep.</span> <span class='ocrx_word' id='word_1_226' title='bbox 216 3226 257 3289; x_wconf 78' lang='lat'>15,</span> <span class='ocrx_word' id='word_1_227' title='bbox 278 3227 300 3276; x_wconf 89' lang='lat'>1.</span> <span class='ocrx_word' id='word_1_228' title='bbox 320 3220 511 3288; x_wconf 78' lang='lat' dir='ltr'>†tobellorius</span> <span class='ocrx_word' id='word_1_229' title='bbox 526 3261 532 3274; x_wconf 90' lang='lat'>.</span> <span class='ocrx_word' id='word_1_230' title='bbox 547 3260 554 3274; x_wconf 88' lang='lat'>.</span> <span class='ocrx_word' id='word_1_231' title='bbox 570 3217 766 3284; x_wconf 77' lang='lat' dir='ltr'>.sotisseeisses</span> <span class='ocrx_word' id='word_1_232' title='bbox 784 3214 936 3288; x_wconf 63' lang='lat' dir='ltr'>(timon,</span> <span class='ocrx_word' id='word_1_233' title='bbox 953 3214 1030 3286; x_wconf 85' lang='lat' dir='ltr'>Oxx.‚</span> 
     </span>
     <span class='ocr_line' id='line_1_33' title="bbox 67 3285 1031 3361; baseline -0.006 -15"><span class='ocrx_word' id='word_1_234' title='bbox 67 3293 136 3361; x_wconf 86' lang='lat' dir='ltr'><strong>W.).</strong></span> <span class='ocrx_word' id='word_1_235' title='bbox 155 3289 308 3346; x_wconf 80' lang='lat' dir='ltr'>tabellariis</span> <span class='ocrx_word' id='word_1_236' title='bbox 326 3293 372 3359; x_wconf 91' lang='lat' dir='ltr'>(m.</span> <span class='ocrx_word' id='word_1_237' title='bbox 391 3289 483 3360; x_wconf 63' lang='lat' dir='ltr'>coni),</span> <span class='ocrx_word' id='word_1_238' title='bbox 502 3288 589 3358; x_wconf 75' lang='lat' dir='ltr'>siqui</span> <span class='ocrx_word' id='word_1_239' title='bbox 606 3304 633 3341; x_wconf 82' lang='lat' dir='ltr'>a.</span> <span class='ocrx_word' id='word_1_240' title='bbox 652 3292 676 3340; x_wconf 83' lang='lat' dir='ltr'>tc</span> <span class='ocrx_word' id='word_1_241' title='bbox 694 3291 780 3341; x_wconf 78' lang='lat' dir='ltr'>essent</span> <span class='ocrx_word' id='word_1_242' title='bbox 798 3285 854 3354; x_wconf 82' lang='lat' dir='ltr'>(vel</span> <span class='ocrx_word' id='word_1_243' title='bbox 871 3285 1031 3342; x_wconf 79' lang='lat' dir='ltr'>tabellarius</span> 
     </span>
     <span class='ocr_line' id='line_1_34' title="bbox 65 3354 1030 3432; baseline -0.007 -14"><span class='ocrx_word' id='word_1_244' title='bbox 65 3365 92 3418; x_wconf 85' lang='lat' dir='ltr'>si</span> <span class='ocrx_word' id='word_1_245' title='bbox 111 3362 163 3432; x_wconf 72' lang='lat' dir='ltr'>qui</span> <span class='ocrx_word' id='word_1_246' title='bbox 181 3377 206 3416; x_wconf 84' lang='lat' dir='ltr'>a.</span> <span class='ocrx_word' id='word_1_247' title='bbox 225 3366 251 3416; x_wconf 79' lang='lat' dir='ltr'>ts</span> <span class='ocrx_word' id='word_1_248' title='bbox 268 3366 359 3430; x_wconf 79' lang='lat' dir='ltr'>esset),</span> <span class='ocrx_word' id='word_1_249' title='bbox 381 3370 434 3430; x_wconf 72' lang='lat' dir='ltr'>quo·</span> <span class='ocrx_word' id='word_1_250' title='bbox 450 3359 623 3426; x_wconf 77' lang='lat' dir='ltr'>satisfecisset</span> <span class='ocrx_word' id='word_1_251' title='bbox 640 3357 709 3426; x_wconf 78' lang='lat' dir='ltr'>(W.;</span> <span class='ocrx_word' id='word_1_252' title='bbox 726 3355 816 3422; x_wconf 79' lang='lat' dir='ltr'>saties.</span> <span class='ocrx_word' id='word_1_253' title='bbox 835 3354 930 3426; x_wconf 58' lang='lat' dir='ltr'>Pium?</span> <span class='ocrx_word' id='word_1_254' title='bbox 949 3357 1030 3412; x_wconf 80' lang='lat' dir='ltr'>tabet·</span> 
     </span>
     <span class='ocr_line' id='line_1_35' title="bbox 68 3425 1030 3500; baseline -0.007 -12"><span class='ocrx_word' id='word_1_255' title='bbox 68 3433 166 3498; x_wconf 64' lang='lat' dir='ltr'>turim,</span> <span class='ocrx_word' id='word_1_256' title='bbox 192 3433 218 3487; x_wconf 81' lang='lat' dir='ltr'>si</span> <span class='ocrx_word' id='word_1_257' title='bbox 245 3448 271 3488; x_wconf 84' lang='lat' dir='ltr'>a.</span> <span class='ocrx_word' id='word_1_258' title='bbox 294 3437 320 3488; x_wconf 78' lang='lat' dir='ltr'>tc</span> <span class='ocrx_word' id='word_1_259' title='bbox 341 3436 415 3495; x_wconf 80' lang='lat' dir='ltr'>esset,</span> <span class='ocrx_word' id='word_1_260' title='bbox 441 3448 496 3500; x_wconf 76' lang='lat' dir='ltr'>quc</span> <span class='ocrx_word' id='word_1_261' title='bbox 517 3429 691 3495; x_wconf 77' lang='lat' dir='ltr'>satisfecisset</span> <span class='ocrx_word' id='word_1_262' title='bbox 712 3445 749 3482; x_wconf 89' lang='lat' dir='ltr'>m.</span> <span class='ocrx_word' id='word_1_263' title='bbox 773 3425 853 3495; x_wconf 73' lang='lat' dir='ltr'>conj..</span> <span class='ocrx_word' id='word_1_264' title='bbox 881 3425 931 3488; x_wconf 82' lang='lat' dir='ltr'>sod</span> <span class='ocrx_word' id='word_1_265' title='bbox 952 3427 1030 3482; x_wconf 79' lang='lat' dir='ltr'>satis·</span> 
     </span>
     <span class='ocr_line' id='line_1_36' title="bbox 67 3495 1030 3572; baseline -0.006 -12"><span class='ocrx_word' id='word_1_266' title='bbox 67 3504 186 3572; x_wconf 56' lang='lat' dir='ltr'>secuso,</span> <span class='ocrx_word' id='word_1_267' title='bbox 204 3501 235 3558; x_wconf 94' lang='grc' dir='ltr'>Β.</span> <span class='ocrx_word' id='word_1_268' title='bbox 272 3508 297 3556; x_wconf 74' lang='lat'>2.</span> <span class='ocrx_word' id='word_1_269' title='bbox 325 3501 458 3557; x_wconf 77' lang='lat' dir='ltr'>amantior</span> <span class='ocrx_word' id='word_1_270' title='bbox 475 3501 568 3570; x_wconf 78' lang='lat' dir='ltr'>itaque</span> <span class='ocrx_word' id='word_1_271' title='bbox 586 3495 633 3566; x_wconf 85' lang='lat' dir='ltr'>(W</span> <span class='ocrx_word' id='word_1_272' title='bbox 635 3501 660 3568; x_wconf 91' lang='lat'>.).</span> <span class='ocrx_word' id='word_1_273' title='bbox 680 3513 722 3564; x_wconf 83' lang='lat' dir='ltr'>a.;</span> <span class='ocrx_word' id='word_1_274' title='bbox 739 3499 760 3554; x_wconf 82' lang='lat' dir='ltr'>i.</span> <span class='ocrx_word' id='word_1_275' title='bbox 777 3497 872 3568; x_wconf 75' lang='lat' dir='ltr'>uulgo.</span> <span class='ocrx_word' id='word_1_276' title='bbox 894 3503 934 3554; x_wconf 82' lang='lat'>&#39;8.</span> <span class='ocrx_word' id='word_1_277' title='bbox 961 3513 1030 3554; x_wconf 83' lang='lat' dir='ltr'>susc.</span> 
     </span>
     <span class='ocr_line' id='line_1_37' title="bbox 69 3567 676 3644; baseline -0.018 -10"><span class='ocrx_word' id='word_1_278' title='bbox 69 3575 138 3633; x_wconf 67' lang='lat' dir='ltr'>asti</span> <span class='ocrx_word' id='word_1_279' title='bbox 155 3588 216 3644; x_wconf 80' lang='lat' dir='ltr'>spes</span> <span class='ocrx_word' id='word_1_280' title='bbox 234 3573 318 3643; x_wconf 61' lang='grc' dir='ltr'>(Ἦν</span> <span class='ocrx_word' id='word_1_281' title='bbox 340 3571 516 3642; x_wconf 69' lang='lat' dir='ltr'>sesopicodo</span> <span class='ocrx_word' id='word_1_282' title='bbox 532 3587 574 3641; x_wconf 80' lang='lat' dir='ltr'>sp.</span> <span class='ocrx_word' id='word_1_283' title='bbox 591 3567 676 3624; x_wconf 83' lang='lat' dir='ltr'><strong>MRI.</strong></span> 
     </span>
    </p>
   </div>
   <div class='ocr_carea' id='block_1_6' title="bbox 0 0 1259 3974">
    <p class='ocr_par' dir='ltr' id='par_1_6' title="bbox 0 0 1259 3974">
     <span class='ocr_line' id='line_1_38' title="bbox 0 0 1259 3974; baseline 0 0"><span class='ocrx_word' id='word_1_284' title='bbox 0 0 1259 3974; x_wconf 95' lang='lat' dir='ltr'> </span> 
     </span>
    </p>
   </div>
  </div>
 </body>
</html>
