2510 3958
193 229 454 290 EPISTOLARUM
471 232 521 291 AD
538 231 703 289 AT'l'lCUM
720 232 780 288 Vll.
801 238 912 288 lo-ll.
965 231 1031 299 251

68 374 192 440 missae
217 396 276 459 per
304 374 499 442 Terentiam.
539 375 589 441 De
616 376 777 444 mandatis
805 373 950 443 (lassaris
976 375 1033 442 ad·v

68 465 235 546 ventuque
255 461 392 528 Labieni
415 467 447 528 et
468 464 632 548 responsis
654 466 823 532 consulum
835 486 874 532 ac
887 463 1033 548 Pompeii

68 551 188 636 scripsi
210 549 252 616 ad
278 555 313 618 te
342 551 458 618 litteris
480 552 534 636 iis,
567 573 648 636 quas
672 573 701 618 a.
723 553 753 618 d
774 570 807 618 v.
827 552 900 620 Kal.
922 550 1034 636 capua

70 638 160 723 dedi,
170 639 328 723 pluraque
340 643 507 726 praeterea
520 641 556 709 in
569 639 705 710 eandem
719 641 890 724 epistolam
902 641 1033 710 conieci

68 725 245 792 Nnnchas
259 729 514 812 exspectationes
529 729 686 797 babemus
709 729 803 797 duaa:
825 747 934 812 unam,
956 751 978 812 q
1002 728 1009 742 ‘
1046 748 1060 789 r

70 812 193 880 caesar
206 819 339 882 acturus
353 816 404 899 sit,
425 839 524 901 quum
537 817 696 901 acceperit
709 839 757 901 ea,
770 838 852 902 quae
865 814 1013 884 referenti

69 903 114 968 ad
137 903 230 970 illum
252 903 331 970 data
352 908 428 970 sunt
449 903 485 972 L.
508 902 652 988 Caesari,
674 906 818 989 alteram,
839 905 916 989 quid
939 903 1034 972 Pom·

69 991 165 1074 peius
187 995 276 1077 agat,
298 993 351 1076 qui
373 993 502 1077 quidem
517 993 557 1060 ad
579 1015 632 1060 me
655 994 768 1062 scribit
787 993 898 1078 paucis
922 993 1033 1060 diebus

70 1100 107 1144 se
132 1078 262 1148 firmum
284 1082 458 1148 exercitum
479 1082 667 1156 habiturum
690 1103 841 1168 spemque
869 1081 976 1165 affert,
1007 1081 1035 1146 si

71 1167 108 1230 in
138 1166 294 1234 Picenum
325 1190 440 1254 agrum
471 1171 540 1255 ipss
567 1171 704 1254 venerit,
734 1191 795 1238 nos
820 1169 960 1238 ,Romam
985 1190 1034 1234 re

72 1255 200 1323 diturus
224 1277 303 1322 ease.
341 1257 520 1324 Labienum
542 1280 652 1326 secum
673 1258 774 1327 habet
794 1279 863 1324 non
885 1257 1021 1326 dubitem

72 1347 141 1410 tem
168 1344 209 1412 de
236 1344 455 1412 imbecillitate
478 1344 625 1414 Caesaris
653 1348 831 1450 copiarum,
862 1347 953 1414 cuius
980 1345 1035 1416 sd·

75 1436 176 1500 rentu
199 1430 330 1500 Gnaeus
352 1438 463 1500 noster
485 1435 587 1502 multo
611 1457 711 1506 ammi
733 1435 806 1520 plue
828 1435 936 1502 babet.
964 1432 1034 1500 Nos

74 1542 96 1584 a
117 1520 306 1589 consulibus
325 1519 468 1606 Capuam
490 1523 599 1591 venire
621 1524 701 1590 iussi
723 1545 834 1593 sumus
857 1522 899 1590 ad
920 1521 1046 1590 Nonas

74 1606 170 1675 Febr.
193 1607 306 1693 Capua
327 1610 490 1694 profectus
514 1633 586 1676 sum
606 1609 754 1678 Formias
776 1633 805 1677 a.
826 1611 857 1678 d.
879 1629 926 1676 na
948 1609 1034 1694 Kale

76 1717 115 1762 eo
138 1697 190 1762 die
218 1719 319 1781 quum
341 1696 471 1776 Calibus
498 1702 572 1766 tuas
598 1700 723 1769 litteras
750 1699 832 1768 hora
857 1699 925 1766 fere
946 1721 1036 1764 nona

76 1786 280 1870 accepissem,
301 1786 361 1852 has
384 1786 495 1856 statim
517 1787 600 1852 dedi
626 1787 676 1854 De
699 1787 852 1855 Terentia
873 1791 907 1852 et
929 1787 1062 1854 Tulin

76 1873 136 1939 tibi
166 1874 343 1957 assentior,
375 1875 416 1940 ad
447 1897 529 1960 quas
559 1876 762 1961 scripseram,
793 1875 834 1942 ad
860 1879 894 1942 te
921 1878 959 1942 ut
987 1897 1035 1940 re-

77 1961 212 2028 ferrent:
245 1962 440 2030 sinendum
461 1963 625 2047 profectae
648 1967 736 2048 sunt,
758 1963 840 2030 nihil
863 1964 927 2047 est,
949 1963 1036 2048 quod

77 2053 300 2136 semoveant,
331 2051 438 2135 quoad
463 2052 706 2137 perspiciamus,
737 2072 802 2135 quo
824 2051 888 2118 loci
911 2051 954 2116 sit
975 2072 1036 2116 rea

508 2281 613 2346 XVII.

112 2398 171 2456 Sor.
181 2399 214 2456 in
226 2399 375 2454 Formiano
390 2417 414 2455 a.
428 2400 455 2456 d.
470 2401 517 2456 IV.
531 2402 627 2458 Nonas
640 2400 807 2464 Februarias
821 2416 847 2456 a
861 2418 888 2456 u
901 2416 924 2455 c.
940 2403 1000 2456 706.
1104 2429 1106 2436 ·

353 2505 502 2562 olomeo
519 2506 670 2566 ATTICO
688 2506 771 2565 SAL.

145 2612 236 2678 Tuae
258 2614 384 2679 litterae
406 2615 487 2680 mihi
500 2619 612 2702 gratae
631 2617 852 2702 iucundaeque
875 2618 960 2682 sunt.
986 2613 1063 2682 Det

79 2702 187 2786 pueris
215 2703 251 2766 in
272 2700 438 2768 Graeciam
464 2705 723 2789 transportandis
750 2708 821 2771 tum
844 2705 1037 2792 cogitabam,

78 2811 179 2876 quum
211 2789 291 2875 tuga
320 2812 359 2854 ex
385 2789 482 2856 Italia
509 2793 619 2877 quaeri
644 2794 825 2859 videbatur:
857 2814 918 2859 nos
950 2793 1037 2858 enim

78 2875 273 2962 Hispaniam
298 2882 492 2964 peteremus3
524 2881 588 2945 illis
615 2881 677 2946 hoe
705 2903 805 2968 aeque
833 2880 1037 2947 commodum

78 2987 147 3032 non
179 2969 259 3031 erat.
304 2966 353 3032 Tu
384 2968 453 3053 ipse
485 2989 558 3034 cum
588 2967 684 3035 Sexto
717 2972 815 3035 etiam
840 2989 928 3034 nunc
956 2966 1037 3034 mihi

78 3054 197 3119 rideris
228 3053 352 3120 Romae
385 3060 471 3122 recte
503 3077 572 3122 esse
610 3077 717 3142 posse:
753 3058 874 3132 etenim
904 3055 1036 3120 minime

78 3143 175 3207 amici
206 3139 362 3226 Pompeio
393 3148 506 3210 nostro
541 3167 610 3210 esse
642 3145 779 3228 debetis3
815 3165 911 3209 nemo
950 3144 1036 3208 enim

78 3251 233 3315 umquam
261 3235 390 3296 tantum
413 3233 453 3296 de
479 3234 612 3298 urbanis
639 3233 806 3318 praesidiis
833 3231 972 3298 detraxit
993 3267 1035 3279 —

150 3420 314 3492 Ep.16‚l.
346 3425 443 3480 missae
456 3442 509 3494 per
526 3427 590 3496 (W.,
609 3428 642 3480 ut
659 3427 716 3481 ism
735 3429 782 3496 g.).
813 3441 858 3492 aa,
874 3439 924 3494 per
941 3424 1035 3493 vulgo.

79 3495 105 3544 2.
123 3493 213 3548 codem
230 3494 276 3548 die
294 3494 380 3564 (W.)?
398 3496 456 3552 Aut
470 3496 510 3552 sic
524 3498 574 3552 aut
586 3497 676 3554 codem
693 3512 747 3552 om.
766 3495 810 3551 die
828 3494 859 3550 0.
894 3493 1036 3566 Ep.1'1,1.

79 3562 195 3619 urbanis
208 3565 336 3633 praediis
354 3567 415 3635 (vu,
439 3565 515 3636 Ori?
