2582 3980
275 257 533 314 nnsrouraun
551 257 600 314 an
619 258 772 314 eunucu
791 259 811 312 1.
832 265 873 314 rr.
987 253 1051 322 641

89 420 162 467 nou
184 402 285 486 licrrit,
305 403 403 487 leges,
425 422 507 486 quae
520 403 581 466 tibi
594 419 724 467 necesse
739 406 788 466 est
810 403 947 468 molesta
969 423 1052 486 esse3

67 553 70 558 .
90 490 214 555 etenim
237 489 306 575 ipse
329 491 449 575 sentio,
482 494 603 574 quanto
627 511 700 556 cum
723 491 832 556 dolore
854 491 935 556 haec
958 491 998 555 ad
1020 495 1053 554 te

91 579 293 662 scripserim,
324 598 383 643 nec
405 579 535 664 ignoro,
567 579 643 663 quid
666 579 787 643 sentiar
810 579 902 643 inre
924 579 1054 663 publica

92 670 127 732 et
151 683 248 750 quam
263 666 464 750 desperatam
479 685 606 751 quoque
622 667 730 732 senari
751 669 846 750 putes
868 679 972 751 posse,
995 686 1054 732 nec

93 754 279 819 mehercule
292 759 334 837 te,
356 754 474 840 Attice,
487 755 696 839 reprehendo,
719 758 808 820 aetas
823 755 918 839 enim,
940 769 1054 839 mores,

93 843 190 908 liberi
212 862 345 929 segnem
364 824 517 928 eifi'ciunt,
539 843 768 928 quodquidam
782 843 881 908 etiarn
894 844 930 907 in
942 842 1055 908 Flavio

94 934 210 996 nostro
241 931 398 1016 perspexi.
448 929 510 996 Sed
541 931 636 997 redeo
669 932 710 996 ad
742 930 942 998 Ciceronem:
979 932 1082 1015 qnid⁴

93 1018 184 1082 inter
214 1017 433 1084 Salvidienum
469 1023 502 1084 et
537 1039 610 1084 enm
641 1019 800 1085 interest?
834 1021 911 1104 quid
948 1025 1056 1084 autem

94 1107 237 1192 amplius
259 1108 313 1172 ille
337 1108 543 1174 decerneret?
578 1107 738 1192 „Timet“,
766 1108 906 1193 inquies,
936 1109 1056 1193 „etiam

95 1216 185 1260 nunc
216 1196 368 1280 reliquias
400 1197 476 1261 belli
508 1195 642 1262 civilis.“
693 1195 869 1281 Quisquam
901 1209 978 1282 ergo
1009 1197 1056 1260 ita

94 1283 192 1348 timet
203 1283 420 1369 profligatum,
440 1288 478 1350 ut
490 1305 596 1370 neque
608 1285 788 1370 potentiam
801 1285 881 1369 eins,
899 1286 955 1370 qni
969 1299 1056 1349 exer

96 1372 199 1436 citum
213 1373 367 1438 victorem
380 1373 488 1457 habet,
509 1392 614 1458 neque
631 1374 847 1438 temeritatem
860 1374 951 1457 pueri
966 1377 1057 1458 putet

96 1460 368 1526 extimescendam
390 1461 482 1526 esse?
505 1483 548 1526 an
564 1462 627 1527 hoc
640 1462 748 1546 ipsum
762 1481 801 1527 ea
812 1483 848 1526 rc
861 1462 948 1547 facit,
971 1462 1057 1545 quod

96 1548 147 1612 illi
172 1552 305 1634 propter
332 1549 577 1634 amplitudinem
604 1551 714 1615 omnia
741 1550 805 1615 iam
832 1551 981 1634 ultroque
1004 1549 1058 1614 de·

96 1637 233 1702 ferenda
244 1637 362 1721 putat?
375 1660 394 1703 o
406 1656 558 1724 magnam
569 1638 739 1704 stultitiam
748 1639 883 1723 timoris,
895 1638 930 1702 ic
941 1638 1058 1724 ipsum,

98 1725 187 1810 quud
208 1727 360 1809 verearis,
382 1726 429 1790 ita
452 1746 576 1812 cavere,
599 1729 651 1812 ut,
673 1749 773 1812 quum
794 1727 897 1792 vitare
919 1726 1057 1792 fortasse

98 1813 257 1898 potueris,
279 1815 365 1879 ultro
388 1835 530 1880 arcessas
554 1819 587 1880 ct
608 1816 767 1881 attrahas!
798 1814 944 1881 Nimium
966 1816 1058 1880 time·

99 1918 173 1966 mus
195 1905 332 1968 mortem
355 1906 388 1968 et
401 1904 546 1969 exsilium
561 1908 593 1968 et
614 1907 852 1988 paupertatem:
875 1904 955 1967 haec
977 1903 1058 1967 mihi

99 1990 250 2055 videntur
259 1988 407 2056 Ciceroni
416 1993 531 2056 ultima
540 2003 609 2056 esse
621 1992 656 2054 in
670 1992 773 2074 malis,
786 1994 827 2075 et,
841 1991 916 2055 dum
931 1990 1058 2073 habeat,

99 2079 258 2252 secan,
272 2079 1058 2254 catciasatttniannnr

100 2259 155 2320 tur
177 2291 219 2302 -
244 2256 271 2320 si
293 2256 468 2340 quidquam
494 2257 529 2321 in
552 2260 694 2321 extrema
723 2277 760 2322 ac
783 2255 961 2320 miserrima
983 2269 1058 2320 con·

101 2345 234 2409 tumelia
247 2343 578 2428 pctesthcnorificunr
587 2365 656 2410 esse
667 2381 719 2409 -.
741 2343 832 2409 Iricet
841 2363 918 2428 ergo
932 2347 1058 2428 patrem
1072 2362 1085 2402 s

103 2432 244 2516 appellet
266 2431 418 2497 Octavius
441 2431 638 2518 Ciceronem,
659 2433 779 2498 referat
801 2433 919 2515 omnia,
941 2432 1059 2516 laudet,

103 2520 225 2605 gratias
239 2525 326 2605 agat,
347 2524 457 2585 tamen
470 2521 550 2586 illud
564 2521 741 2606 apparebit,
762 2521 861 2585 verba
878 2521 974 2584 rebus
989 2541 1059 2584 esse

103 2609 279 2673 contraria:
302 2609 380 2692 quid
394 2611 479 2674 enim
492 2614 560 2674 tam
576 2610 717 2674 alienum
731 2609 772 2673 ab
794 2609 945 2674 humanis
960 2609 1059 2674 sensi-

103 2696 163 2761 bus
187 2702 236 2761 est
250 2718 347 2780 quam
361 2719 434 2762 eum
456 2698 558 2781 patris
580 2697 699 2762 habere
722 2698 803 2782 loco,
825 2699 880 2781 qui
902 2718 944 2761 ne
966 2697 1060 2762 liberi

104 2784 233 2868 quidem
258 2785 399 2850 hominis
426 2799 560 2851 nurnero
588 2782 652 2850 sit‘?
693 2785 783 2870 atqui
813 2807 851 2851 eo
878 2785 995 2868 tendit,
1026 2784 1060 2849 id

104 2873 186 2958 agit,
218 2873 258 2937 ad
282 2895 355 2938 eum
379 2874 499 2938 exitum
525 2877 678 2958 properat
699 2874 749 2938 vir
772 2874 926 2958 optimus,
958 2875 995 2937 ut
1018 2873 1061 2936 sit

104 2961 151 3026 illi
174 2959 326 3026 Octavius
357 2962 524 3047 propitius.
568 2961 642 3047 Ego
669 2983 745 3027 uero
776 2963 842 3026 iam
868 2962 909 3026 iis
936 2961 1079 3025 artibus

104 3049 186 3113 nihil
207 3049 326 3132 tribuo,
348 3051 464 3134 quibus
477 3049 664 3117 Ciceronem
688 3051 754 3116 scic
776 3050 1061 3115 instnrctissimum

105 3159 188 3221 esse,
219 3137 296 3223 quid
330 3138 416 3202 enim
447 3139 494 3204 illi
525 3142 676 3224 prosunt,
706 3161 789 3224 quae
820 3161 880 3224 pro
911 3137 1060 3203 libertate

104 3227 241 3311 patriae,
269 3246 347 3308 paca
369 3227 408 3291 de
431 3227 603 3313 dignitate,
629 3249 711 3312 quae
734 3227 773 3292 de
796 3231 913 3311 morte,
940 3227 1060 3311 exsilic,

104 3319 294 3400 paupertate
308 3315 435 3400 scripsit
447 3316 687 3399 copiosissime?
702 3320 824 3400 quanto
834 3320 942 3381 antem
956 3316 1059 3400 magis

175 3453 315 3523 Ep.1‘1,8.
326 3456 532 3523 percuperem
541 3457 581 3523 (L,
591 3455 706 3524 vulgo)?
720 3471 771 3511 scr.
782 3455 906 3523 (ΜΗ).
928 3486 960 3495 -
979 3457 1060 3509 ciacc

105 3526 137 3579 ic
149 3522 252 3579 Flavio
270 3526 319 3594 (1.).
338 3541 359 3579 a.
378 3542 411 3580 aa
429 3524 476 3579 Fl.
495 3525 588 3596 vulgo.
621 3532 646 3579 4.
665 3526 732 3594 quid
749 3527 821 3580 enim
838 3525 958 3594 amptius
975 3526 1060 3595 (ΨΜ

106 3602 131 3653 t.
144 3597 265 3664 patriae,
283 3612 352 3665 quae
369 3597 402 3651 dc
420 3595 468 3666 (1.).
482 3612 513 3665 p.
532 3597 566 3651 da
582 3595 675 3666 vulgo.

159 3685 274 3728 Ciceronis
288 3687 351 3734 spina.
365 3685 397 3725 Π.
865 3687 898 3734 41
