2590 3964
241 203 305 267 108
522 200 562 257 II.
579 197 702 256 TULLII
720 197 912 256 CICERONIS

683 413 754 482 XX.

295 555 354 611 Sor.
372 551 591 612 Thessalonicae
609 551 657 610 tv.
675 553 772 610 Nonas
790 553 924 609 Octobres
943 571 967 609 a.
986 572 1013 608 u.
1032 572 1057 610 c.
1078 561 1141 612 696.

237 677 367 736 CICERO
386 679 413 734 S.
428 679 462 734 D.
477 677 509 745 Q.
523 676 690 736 CAECILIO
705 676 737 743 Q.
751 677 783 731 F.
797 676 1039 734 POMPONIANO
1053 678 1210 748 ATTICO,
1286 713 1287 744 ι

209 788 324 873 rquod
347 787 476 872 quidem
497 787 545 851 ita
567 807 638 850 esse
660 789 693 850 et
715 785 911 851 avunculum
932 789 1025 850 tuum
1047 786 1210 852 iunctum
1286 805 1287 820 ¹

237 897 307 942 esse
330 875 438 941 officio
460 874 741 939 vehementissime
763 875 877 958 probo,
899 873 1038 960 gaudere
1052 897 1105 938 me
1127 879 1210 940 tum
1286 933 1287 968 ,

237 965 351 1049 dicam,
374 965 402 1029 si
424 963 505 1028 mihi
526 963 589 1028 hoc
611 961 709 1028 verbo
731 963 844 1027 licebit
864 962 922 1026 uti.
953 961 1007 1026 Me
1030 963 1209 1028 miserum!
1286 971 1287 1006 l

238 1075 336 1138 quam
358 1052 468 1118 omnia
495 1053 604 1117 essent
626 1073 665 1115 ex
687 1051 862 1134 sententia,
892 1051 919 1114 si
940 1051 1036 1115 nobis
1060 1052 1208 1138 auimuS,
1286 1085 1287 1102 ι

238 1142 266 1206 si
289 1141 468 1225 consilium,
490 1141 518 1205 si
539 1139 619 1204 fides
632 1161 753 1223 eorum,
775 1140 892 1224 quibus
906 1139 1108 1223 credidimus,
1129 1159 1208 1205 non

238 1229 408 1294 defuisset!
431 1249 514 1312 quae
528 1227 679 1314 colligere
691 1229 779 1311 nolo,
791 1249 833 1291 ne
847 1247 985 1312 augeam
1004 1249 1208 1312 maerorem

239 1316 295 1381 sed
316 1317 377 1381 tibi
390 1317 500 1382 venire
513 1318 550 1380 in
571 1320 713 1382 mentem
736 1320 823 1381 certo
838 1316 913 1400 scio,
936 1337 1017 1399 quac
1031 1317 1099 1381 vita
1113 1321 1207 1382 esset

237 1409 365 1489 nostra,
396 1426 478 1488 quae
501 1405 656 1483 suavitas,
688 1425 771 1489 quac
793 1404 949 1489 dignitas,
981 1405 1127 1488 adquae
1150 1427 1206 1470 re·
1286 1417 1287 1420 ’

238 1492 431 1577 cuperanda,
451 1514 511 1577 per
523 1494 684 1558 fortunas!
707 1492 1027 1576 incumbentibus,
1049 1492 1205 1577 diemque

238 1583 381 1646 natalem
398 1581 520 1646 reditus
538 1582 603 1646 mei
616 1602 693 1646 cura
709 1586 747 1646 ut
763 1583 800 1646 in
812 1581 878 1646 tuis
892 1581 1025 1645 aedibus
1040 1583 1205 1646 amoenis·

239 1669 329 1734 simis
342 1689 440 1754 agam
461 1673 569 1734 tecum
582 1673 616 1734 et
629 1691 702 1734 oum
715 1671 804 1734 meis.
839 1668 912 1754 Ego
927 1669 1002 1733 huic
1016 1669 1085 1753 spei
1099 1673 1132 1733 et
1146 1691 1204 1734 ex·
1286 1667 1287 1734 l

239 1758 446 1842 spectationi,
468 1779 550 1842 quae
572 1758 667 1823 nobis
689 1758 884 1842 proponitur
905 1758 1057 1842 maxima,
1086 1761 1205 1823 tamen
1286 1737 1287 1824 i

238 1846 327 1911 volui
348 1847 540 1930 praestolari
563 1847 649 1930 apud
676 1849 710 1910 tc
731 1847 767 1910 in
789 1846 904 1930 Epiro,
934 1846 990 1910 sed
1011 1847 1059 1910 ita
1082 1846 1123 1910 ad
1146 1866 1205 1911 me

239 1934 404 2019 scribitur,
430 1937 468 1999 ut
489 1938 602 2018 putem
623 1934 914 1999 csse'commodius
936 1956 997 1999 nos
1020 1935 1140 1999 eisdem
1162 1935 1204 2000 in

212 2023 321 2088 rlocis
344 2044 423 2088 esse.
448 2022 499 2088 De
519 2023 615 2088 domo
629 2027 663 2088 et
676 2021 825 2088 Curionis
839 2023 995 2106 oratione,
1016 2026 1054 2088 ut
1076 2023 1205 2108 scribis,

239 2112 287 2176 ita
309 2115 371 2178 est:
393 2112 429 2176 in
450 2112 602 2177 universa
624 2111 737 2195 salute',
759 2111 787 2176 si
809 2133 847 2176 ea
869 2112 965 2176 modo
988 2111 1083 2176 nobis
1105 2113 1204 2176 resti·
1286 2133 1287 2182 ι

240 2204 359 2284 tuetur,
380 2201 512 2266 inenmt
534 2200 657 2284 omnia,
686 2221 725 2264 ex
748 2200 864 2283 quibus
886 2200 969 2264 nihil
991 2201 1080 2264 malo·
1100 2221 1203 2283 quam

240 2286 385 2372 domum3
415 2289 472 2354 sed
503 2288 564 2353 tibi
589 2288 672 2352 nibil
702 2289 821 2352 mando
854 2288 1060 2372 nominatim,
1091 2291 1203 2353 totum
1286 2291 1287 2366 l

240 2397 291 2439 me
314 2379 372 2440 tuo
395 2377 498 2440 amori
519 2376 656 2460 fideique
676 2377 875 2441 commendo.
903 2375 995 2452 Quod
1009 2381 1042 2440 te
1055 2377 1090 2441 in
1103 2380 1203 2441 tanta
1286 2381 1287 2452 l

239 2462 419 2527 hereditate
450 2464 492 2527 ab
529 2465 618 2528 omni
653 2465 863 2549 occupatione
899 2465 1069 2549 expedisti,
1103 2467 1203 2530 valde
1286 2455 1287 2478 ¹

239 2550 321 2614 mihi
352 2553 482 2635 gratum
509 2554 572 2634 est3
603 2552 689 2634 quod
720 2551 891 2618 facultates
922 2557 995 2617 tuas
1023 2552 1065 2617 ad
1091 2573 1201 2618 meam

239 2638 378 2702 salutem
405 2639 579 2723 polliceris,
610 2642 649 2704 ut
675 2641 824 2706 omnibus
850 2642 946 2705 rebus
969 2645 1042 2706 ate
1069 2645 1202 2724 praeter
1286 2691 1287 2700 ,

239 2730 363 2792 ceteros
385 2727 485 2812 iuver,
506 2726 540 2791 id
562 2730 720 2811 quantum
743 2729 786 2794 sit
806 2730 1010 2814 praesidium,
1032 2728 1126 2794 video
1149 2731 1199 2794 in-

239 2815 416 2910 telligoquc
442 2818 476 2879 te
503 2815 622 2880 multas
649 2819 758 2901 partes
785 2839 875 2883 meae
903 2818 1016 2883 salutis
1044 2821 1077 2882 et
1099 2819 1199 2882 susci·
1286 2847 1287 2910 q

239 2925 316 2989 pere
338 2907 396 2968 et
393 2925 489 2988 posse
511 2905 670 2969 sustinere
687 2927 806 2990 neque,
828 2910 866 2971 ut
878 2907 925 2970 rte
946 2906 1057 2989 faciae,
1079 2927 1198 2991 rogan·
1286 2919 1287 2996 i

213 2993 318 3057 edum
341 3013 424 3076 esse3
447 2993 533 3094 quod
555 3013 607 3057 me
628 2997 719 3058 vetas
742 2995 916 3078 quidquam
939 2994 1094 3078 suspicari
1117 2995 1199 3060 acci·

239 3081 324 3146 disse
347 3081 388 3146 ad
413 3081 557 3146 animum
579 3085 685 3166 tuum,
717 3083 803 3167 quod
830 3104 921 3148 secus
949 3105 969 3146 a
990 3104 1042 3146 me
1065 3101 1145 3167 ergo
1166 3086 1199 3147 te
1286 3073 1287 3144 l

239 3170 445 3234 commissum
464 3173 521 3234 aut
542 3171 806 3253 praetermissum
818 3171 988 3256 videretur,
1011 3191 1123 3256 geram
1136 3171 1197 3235 tibi

238 3279 362 3323 morem
384 3261 418 3323 et
439 3257 601 3323 liberabor
626 3259 690 3323 ista
717 3281 807 3343 cura,
834 3259 894 3324 tibi
921 3263 1031 3323 tamen
1057 3281 1096 3324 co
1124 3261 1197 3344 plus
1286 3277 1287 3338 ι

239 3345 377 3430 debebo,
408 3367 472 3430 quo
498 3347 588 3411 tua
578 3368 614 3411 ιιι
640 3368 692 3411 me
714 3347 900 3412 humanitas
922 3347 1021 3413 fuerit
1007 3347 1198 3412 texcolsior

238 3434 431 3517 quaminte
444 3455 525 3500 mea
552 3434 669 3518 Velim,
686 3436 769 3518 quid
782 3435 901 3521 videas,
923 3435 1000 3520 quid
1022 3435 1198 3522 intelligas,
1286 3435 1287 3510 Ξ

238 3519 316 3604 quid
348 3524 482 3606 agatur,
522 3522 563 3586 ad
599 3543 652 3586 me
684 3524 805 3589 scribas
836 3527 973 3609 tuosque
1011 3543 1123 3590 omues
1157 3524 1196 3590 ad
1286 3583 1287 3610 ,
