2522 3960
194 229 457 287 asrsuonsnuu
474 231 524 290 su
542 233 706 290 rancun
724 234 771 290 vr.
790 239 814 290 s.
833 212 872 291 ο.
937 233 1004 299 213

48 396 78 437 τε
90 371 205 458 μένειν
218 413 273 458 -,
295 399 410 462 meque
424 377 608 464 obiurgavit
627 381 734 445 vetere
756 379 941 466 proverbio,
962 375 1004 446 τὰ

49 458 102 545 μὲν
120 459 296 549 διδόμενα.
322 465 461 550 Reliqua
473 467 545 532 vide
560 470 601 553 et,
624 471 780 554 quantum
793 468 863 534 fieri
885 471 1004 554 potest,

48 553 197 636 perspice.
224 553 295 618 Nos
317 555 379 620 etsi
401 577 545 622 annuum
567 559 694 642 tempus
716 578 817 642 prope
840 557 906 622 iam
920 577 1029 623 eme-s

48 640 137 705 ritum
160 641 364 708 habebamus
379 679 421 691 -—
436 643 504 710 dies
527 645 613 710 enim
632 663 751 710 xxxnr.
774 650 867 711 erant
889 646 1004 730 reliqui

50 764 94 812 -,
106 730 326 796 sollicitudine
339 732 523 816 provinciae
545 737 655 798 tamen
677 733 730 802 vel
750 733 888 799 maxime
909 755 1003 820 urge·

49 817 170 886 bamur:
203 842 303 905 quum
331 821 418 886 enim
445 822 571 888 arderet
594 820 687 907 Syria
704 822 790 888 bello
813 826 846 887 et
867 821 1003 888 Bibulus

49 906 196 974 intanto
219 930 364 975 maerore
391 932 450 976 suo
477 911 650 976 maximam
677 931 787 976 curam
800 910 887 976 ,belli
909 911 1016 976 susti.

49 1000 133 1062 neret
164 997 208 1062 ad
239 1019 353 1083 meque
384 998 485 1084 legati
516 999 585 1064 eius
612 1002 645 1064 et
671 1001 823 1084 quaestor
849 1002 882 1064 et
909 999 1004 1064 amici

49 1084 166 1150 litteras
190 1085 373 1171 mitterent,
399 1090 437 1152 nt
460 1087 601 1153 subsidio
625 1088 781 1172 venirem,
803 1086 865 1152 etsi
887 1087 1003 1154 exerci-

50 1176 113 1238 tum
134 1174 302 1240 infirmum
323 1174 499 1257 habebam,
521 1175 640 1242 auxilia
662 1197 740 1240 sane
762 1175 865 1262 bona,
887 1175 944 1240 sed
966 1196 1005 1241 ea

52 1258 243 1348 Galatarum,
264 1263 455 1349 Pisidarum,
477 1264 649 1350 Lyciorum
662 1301 705 1312 -
719 1263 799 1330 baec
818 1264 904 1330 enim
928 1267 1005 1330 sunt

51 1358 156 1417 nostra
169 1353 289 1418 robora
302 1389 355 1438 -,
376 1356 487 1418 tamen
505 1373 574 1418 esse
598 1353 740 1419 officium
762 1374 870 1419 meum
891 1353 1004 1438 putavi

53 1441 221 1507 exercitum
233 1441 353 1508 babere
368 1463 465 1526 quarn
487 1441 631 1527 proxime
644 1441 782 1526 bostem,
804 1440 910 1527 quoad
924 1441 1004 1506 mibi

52 1548 194 1609 praeesse
221 1529 407 1614 provinciae
435 1551 493 1615 per
516 1533 647 1596 senatus
675 1531 859 1596 consultum
880 1530 1005 1613 liceret3

55 1617 114 1702 sed,
135 1641 198 1703 quo
222 1640 282 1705 ego
306 1618 444 1684 maxime
467 1618 662 1704 delectabar,
690 1618 827 1685 Bibulus
849 1619 1005 1684 molestus

54 1705 127 1770 mihi
148 1728 216 1772 non
239 1711 322 1791 erat,
349 1707 388 1772 de
416 1707 565 1774 omnibus
587 1707 684 1773 rebus
706 1706 868 1774 scribebat
890 1707 931 1772 ad
953 1727 1004 1771 me

56 1796 164 1880 potius,
178 1794 305 1860 etmihi
318 1795 522 1861 discessionis
536 1795 604 1861 dies
618 1790 807 1879 λεληθότως
821 1795 1006 1880 obrepebat,

57 1883 105 1963 qui
131 1905 229 1968 quum
256 1883 435 1969 advenerit,
462 1877 542 1950 ἄλλο
570 1880 761 1970 πρόβλημα,
793 1905 888 1969 quem
914 1905 1004 1968 prae·

56 1968 166 2057 ficiam,
187 1973 251 2038 nisi
273 1971 392 2038 Caldus
415 1977 567 2057 quaestor
588 1973 725 2059 venerit,
747 1971 786 2036 de
809 1994 872 2055 quo
900 1971 1005 2036 adhuc

58 2059 132 2125 nihil
154 2062 233 2126 certi
253 2061 462 2127 habebamus.
498 2059 675 2145 Oupiebam
697 2060 878 2126 mehercule
900 2059 1031 2144 longi-r

59 2167 140 2212 orem
165 2149 336 2236 epistolam
362 2149 482 2234 facere,
513 2149 569 2215 sed
595 2170 656 2217 nec
679 2153 749 2214 erat
776 2169 844 2234 res,
873 2147 912 2211 dc
942 2168 1006 2230 qua

61 2237 235 2322 scriberem,
265 2259 326 2303 nee
348 2238 447 2304 iocari
474 2259 551 2322 prae
574 2258 652 2303 cura
673 2239 828 2322 poteram.
872 2233 1005 2300 Valebis

60 2323 151 2476 ἔξω
171 2331 204 2393 et
226 2326 353 2412 puellae
376 2327 514 2394 salutem
527 2325 691 2392 Atticulae
705 2323 790 2391 dices
812 2325 1006 2410 nostraeque

104 2435 158 2480 ree.

499 2588 557 2658 VI.

159 2711 217 2768 bor.
237 2711 321 2768 Sidae
338 2709 453 2768 meante
470 2729 566 2768 mense
584 2711 685 2768 Sextili
702 2727 727 2769 a.
746 2731 772 2768 u.
791 2729 816 2768 e.
835 2717 895 2768 ⁷04.

222 2833 225 2838 “
339 2817 470 2874 CICERO
489 2816 624 2875 ATTICO
643 2817 719 2874 SAL.
734 2845 737 2850 ·

118 2923 199 3012 ugo,
228 2926 305 2992 dum
327 2927 363 2992 in
384 2927 551 3012 provincia
574 2926 723 2994 omnibus
745 2927 841 2993 rebus
863 2925 1032 3011 Appiumr

64 3031 141 3098 orno,
162 3015 271 3080 subito
294 3037 366 3080 sum
387 3003 493 3081 factus
512 3001 707 3081 accusatoris
731 3017 798 3080 aius
822 3035 920 3081 socer.
950 3011 1006 3098 „Id

64 3100 211 3188 quidem,“
241 3103 360 3190 inquis,
389 3103 446 3189 „di
469 3102 685 3190 approbentl“
718 3102 771 3168 Ita
793 3102 889 3167 velim
910 3105 1007 3187 teque

63 3185 102 3252 ita
121 3211 234 3276 cupere
257 3194 346 3256 certo
369 3193 449 3276 scio,
477 3193 542 3272 sed,
565 3192 657 3256 crede
680 3190 772 3275 mibi,
795 3189 878 3254 nihil
899 3191 1007 3255 miuus

64 3278 199 3354 putaram
221 3296 291 3362 ego,
312 3275 391 3360 quin
404 3275 445 3340 de
457 3271 505 3340 ni.
519 3273 662 3358 Nerone,
684 3273 740 3358 qui
752 3292 878 3337 mecum
891 3275 1009 3357 egerat,

121 3465 170 3536 Ep.
189 3471 219 3534 ⁶,
237 3471 263 3519 2.
294 3465 427 3534 suspica
462 3462 523 3519 Nos
541 3463 594 3534 (0,
616 3461 655 3517 lb.
674 3475 703 3516 o:
727 3461 776 3531 2.).
807 3459 1009 3530 numidarum

65 3531 135 3591 llRl.
147 3537 282 3606 prospice.
319 3532 545 3604 Nos(01.‚n.)r
581 3539 607 3588 8.
626 3532 710 3594 amici
727 3533 779 3588 litt.
798 3531 861 3656 3.).
880 3549 905 3586 a.
926 3530 1007 3602 [aas]

66 3603 80 3656 l.
92 3605 117 3659 Β.
146 3607 196 3678 Ep.
216 3613 245 3676 6,
262 3612 286 3660 1.
304 3610 440 3674 pataram
460 3622 517 3680 eqo,
535 3605 604 3674 qaia
621 3603 754 3674 (Madvig.
772 3603 798 3658 A
817 3605 862 3672 a).
872 3620 914 3672 p,
928 3618 1010 3672 coque

66 3673 143 3732 Madv.
165 3677 242 3732 olim.
261 3693 293 3746 p.
316 3693 352 3732 a:
373 3676 628 3746 qui...mrberim
646 3673 1010 3744 (W.)?1r.:eqodel'.‹..

67 3747 174 3804 abeam
193 3747 282 3818 (W.)?
314 3762 345 3818 p.
363 3762 426 3818 eqo,
443 3745 492 3816 qui
509 3745 602 3814 vulgo.
