<?xml version="1.0" encoding="UTF-8"?>
<!DOCTYPE html PUBLIC "-//W3C//DTD XHTML 1.0 Transitional//EN"
    "http://www.w3.org/TR/xhtml1/DTD/xhtml1-transitional.dtd">
<html xmlns="http://www.w3.org/1999/xhtml" xml:lang="en" lang="en">
 <head>
  <title>
</title>
<meta http-equiv="Content-Type" content="text/html;charset=utf-8" />
  <meta name='ocr-system' content='tesseract 3.04.00' />
  <meta name='ocr-capabilities' content='ocr_page ocr_carea ocr_par ocr_line ocrx_word'/>
</head>
<body>
  <div class='ocr_page' id='page_1' title='image "./epistolae01wesegoog_0286.png"; bbox 0 0 2510 3958; ppageno 0'>
   <div class='ocr_carea' id='block_1_1' title="bbox 219 272 896 340">
    <p class='ocr_par' dir='ltr' id='par_1_1' title="bbox 219 272 896 340">
     <span class='ocr_line' id='line_1_1' title="bbox 219 272 896 340; baseline -0.015 0"><span class='ocrx_word' id='word_1_1' title='bbox 219 275 288 340; x_wconf 79' lang='grc'>276</span> <span class='ocrx_word' id='word_1_2' title='bbox 506 274 542 330; x_wconf 87' lang='lat' dir='ltr'>M.</span> <span class='ocrx_word' id='word_1_3' title='bbox 563 273 687 330; x_wconf 85' lang='lat' dir='ltr'>TULLII</span> <span class='ocrx_word' id='word_1_4' title='bbox 704 272 896 330; x_wconf 74' lang='lat' dir='ltr'>CICERONIS</span> 
     </span>
    </p>
   </div>
   <div class='ocr_carea' id='block_1_2' title="bbox 194 416 1241 3334">
    <p class='ocr_par' dir='ltr' id='par_1_2' title="bbox 218 416 1179 593">
     <span class='ocr_line' id='line_1_2' title="bbox 218 416 1178 504; baseline -0.004 -18"><span class='ocrx_word' id='word_1_5' title='bbox 218 424 330 486; x_wconf 89' lang='lat' dir='ltr'>tamen</span> <span class='ocrx_word' id='word_1_6' title='bbox 352 440 391 486; x_wconf 91' lang='lat' dir='ltr'>eo</span> <span class='ocrx_word' id='word_1_7' title='bbox 414 418 535 504; x_wconf 85' lang='lat' dir='ltr'>scripsi,</span> <span class='ocrx_word' id='word_1_8' title='bbox 559 441 623 504; x_wconf 89' lang='lat' dir='ltr'>quo</span> <span class='ocrx_word' id='word_1_9' title='bbox 645 419 681 484; x_wconf 92' lang='lat' dir='ltr'>in</span> <span class='ocrx_word' id='word_1_10' title='bbox 695 417 859 485; x_wconf 85' lang='lat' dir='ltr'>suadendo</span> <span class='ocrx_word' id='word_1_11' title='bbox 882 420 955 504; x_wconf 89' lang='lat' dir='ltr'>plus</span> <span class='ocrx_word' id='word_1_12' title='bbox 979 416 1178 485; x_wconf 71' lang='lat' dir='ltr'>auctoritatis</span> 
     </span>
     <span class='ocr_line' id='line_1_3' title="bbox 218 507 1179 593; baseline -0.002 -19"><span class='ocrx_word' id='word_1_13' title='bbox 218 509 380 591; x_wconf 87' lang='lat' dir='ltr'>haberem,</span> <span class='ocrx_word' id='word_1_14' title='bbox 395 507 571 592; x_wconf 88' lang='lat' dir='ltr'>eodemque</span> <span class='ocrx_word' id='word_1_15' title='bbox 585 508 734 592; x_wconf 86' lang='lat' dir='ltr'>pertinet,</span> <span class='ocrx_word' id='word_1_16' title='bbox 748 507 834 592; x_wconf 91' lang='lat' dir='ltr'>quod</span> <span class='ocrx_word' id='word_1_17' title='bbox 846 529 978 573; x_wconf 84' lang='lat' dir='ltr'>caueam</span> <span class='ocrx_word' id='word_1_18' title='bbox 987 509 1054 573; x_wconf 89' lang='lat' dir='ltr'>eius</span> <span class='ocrx_word' id='word_1_19' title='bbox 1067 508 1179 593; x_wconf 90' lang='lat' dir='ltr'>probo.</span> 
     </span>
    </p>

    <p class='ocr_par' dir='ltr' id='par_1_3' title="bbox 194 595 1241 1830">
     <span class='ocr_line' id='line_1_4' title="bbox 194 595 1178 681; baseline 0 -23"><span class='ocrx_word' id='word_1_20' title='bbox 194 617 207 658; x_wconf 80' lang='lat' dir='ltr'>a</span> <span class='ocrx_word' id='word_1_21' title='bbox 221 595 284 662; x_wconf 82' lang='lat' dir='ltr'>Sed</span> <span class='ocrx_word' id='word_1_22' title='bbox 298 595 375 681; x_wconf 90' lang='lat' dir='ltr'>quid</span> <span class='ocrx_word' id='word_1_23' title='bbox 388 596 468 661; x_wconf 89' lang='lat' dir='ltr'>haec</span> <span class='ocrx_word' id='word_1_24' title='bbox 482 596 591 662; x_wconf 76' lang='lat' dir='ltr'>nunc?</span> <span class='ocrx_word' id='word_1_25' title='bbox 613 597 739 660; x_wconf 88' lang='lat' dir='ltr'>utinam</span> <span class='ocrx_word' id='word_1_26' title='bbox 753 595 874 680; x_wconf 87' lang='lat' dir='ltr'>aliquid</span> <span class='ocrx_word' id='word_1_27' title='bbox 888 597 1068 681; x_wconf 88' lang='lat' dir='ltr'>profectum</span> <span class='ocrx_word' id='word_1_28' title='bbox 1081 596 1178 660; x_wconf 87' lang='lat' dir='ltr'>esset!</span> 
     </span>
     <span class='ocr_line' id='line_1_5' title="bbox 220 683 1180 770; baseline -0.004 -19"><span class='ocrx_word' id='word_1_29' title='bbox 220 683 271 751; x_wconf 90' lang='lat' dir='ltr'>Ne</span> <span class='ocrx_word' id='word_1_30' title='bbox 294 706 355 770; x_wconf 85' lang='lat' dir='ltr'>ego</span> <span class='ocrx_word' id='word_1_31' title='bbox 377 685 458 750; x_wconf 88' lang='lat' dir='ltr'>istas</span> <span class='ocrx_word' id='word_1_32' title='bbox 480 685 605 749; x_wconf 76' lang='lat' dir='ltr'>litteras</span> <span class='ocrx_word' id='word_1_33' title='bbox 627 685 663 749; x_wconf 92' lang='lat' dir='ltr'>in</span> <span class='ocrx_word' id='word_1_34' title='bbox 686 684 840 749; x_wconf 81' lang='lat' dir='ltr'>concione</span> <span class='ocrx_word' id='word_1_35' title='bbox 867 685 996 749; x_wconf 88' lang='lat' dir='ltr'>recitari</span> <span class='ocrx_word' id='word_1_36' title='bbox 1017 685 1127 768; x_wconf 83' lang='lat' dir='ltr'>velim,</span> <span class='ocrx_word' id='word_1_37' title='bbox 1154 683 1180 747; x_wconf 90' lang='lat' dir='ltr'>si</span> 
     </span>
     <span class='ocr_line' id='line_1_6' title="bbox 222 772 1178 858; baseline -0.003 -20"><span class='ocrx_word' id='word_1_38' title='bbox 222 773 350 858; x_wconf 88' lang='lat' dir='ltr'>quidem</span> <span class='ocrx_word' id='word_1_39' title='bbox 372 773 426 838; x_wconf 86' lang='lat' dir='ltr'>ille</span> <span class='ocrx_word' id='word_1_40' title='bbox 448 773 518 858; x_wconf 91' lang='lat' dir='ltr'>ipse</span> <span class='ocrx_word' id='word_1_41' title='bbox 541 773 582 838; x_wconf 85' lang='lat' dir='ltr'>ad</span> <span class='ocrx_word' id='word_1_42' title='bbox 596 772 734 838; x_wconf 89' lang='lat' dir='ltr'>eundem</span> <span class='ocrx_word' id='word_1_43' title='bbox 749 773 892 838; x_wconf 86' lang='lat' dir='ltr'>scribens</span> <span class='ocrx_word' id='word_1_44' title='bbox 906 772 942 837; x_wconf 89' lang='lat' dir='ltr'>in</span> <span class='ocrx_word' id='word_1_45' title='bbox 964 773 1092 858; x_wconf 87' lang='lat' dir='ltr'>publico</span> <span class='ocrx_word' id='word_1_46' title='bbox 1107 793 1178 856; x_wconf 91' lang='lat' dir='ltr'>pro·</span> 
     </span>
     <span class='ocr_line' id='line_1_7' title="bbox 220 861 1180 946; baseline -0.005 -18"><span class='ocrx_word' id='word_1_47' title='bbox 220 863 330 946; x_wconf 85' lang='lat' dir='ltr'>posuit</span> <span class='ocrx_word' id='word_1_48' title='bbox 352 862 522 946; x_wconf 89' lang='lat' dir='ltr'>epistolam</span> <span class='ocrx_word' id='word_1_49' title='bbox 543 862 648 946; x_wconf 84' lang='lat' dir='ltr'>illam,</span> <span class='ocrx_word' id='word_1_50' title='bbox 676 861 712 925; x_wconf 93' lang='lat' dir='ltr'>in</span> <span class='ocrx_word' id='word_1_51' title='bbox 735 883 799 946; x_wconf 86' lang='lat' dir='ltr'>qua</span> <span class='ocrx_word' id='word_1_52' title='bbox 821 865 871 925; x_wconf 88' lang='lat' dir='ltr'>est</span> <span class='ocrx_word' id='word_1_53' title='bbox 892 883 975 946; x_wconf 89' lang='lat' dir='ltr'>„pro</span> <span class='ocrx_word' id='word_1_54' title='bbox 997 863 1063 926; x_wconf 90' lang='lat' dir='ltr'>tuis</span> <span class='ocrx_word' id='word_1_55' title='bbox 1084 861 1180 925; x_wconf 87' lang='lat' dir='ltr'>rebus</span> 
     </span>
     <span class='ocr_line' id='line_1_8' title="bbox 222 948 1180 1036; baseline -0.004 -20"><span class='ocrx_word' id='word_1_56' title='bbox 222 951 322 1036; x_wconf 85' lang='lat' dir='ltr'>gestis</span> <span class='ocrx_word' id='word_1_57' title='bbox 353 948 582 1035; x_wconf 87' lang='lat' dir='ltr'>amplissimis“</span> <span class='ocrx_word' id='word_1_58' title='bbox 618 985 660 997; x_wconf 93' lang='lat'>-</span> <span class='ocrx_word' id='word_1_59' title='bbox 694 949 946 1034; x_wconf 86' lang='lat' dir='ltr'>amplioribusne</span> <span class='ocrx_word' id='word_1_60' title='bbox 978 972 1076 1034; x_wconf 89' lang='lat' dir='ltr'>quam</span> <span class='ocrx_word' id='word_1_61' title='bbox 1106 949 1180 1030; x_wconf 86' lang='lat' dir='ltr'>suis,</span> 
     </span>
     <span class='ocr_line' id='line_1_9' title="bbox 222 1037 1179 1123; baseline -0.003 -20"><span class='ocrx_word' id='word_1_62' title='bbox 222 1061 318 1123; x_wconf 89' lang='lat' dir='ltr'>quam</span> <span class='ocrx_word' id='word_1_63' title='bbox 341 1037 510 1103; x_wconf 81' lang='lat' dir='ltr'>Africani?</span> <span class='ocrx_word' id='word_1_64' title='bbox 545 1037 593 1102; x_wconf 89' lang='lat' dir='ltr'>ita</span> <span class='ocrx_word' id='word_1_65' title='bbox 619 1041 747 1121; x_wconf 88' lang='lat' dir='ltr'>tempus</span> <span class='ocrx_word' id='word_1_66' title='bbox 769 1037 895 1102; x_wconf 79' lang='lat' dir='ltr'>ferebat</span> <span class='ocrx_word' id='word_1_67' title='bbox 917 1074 974 1122; x_wconf 87' lang='lat'>—,</span> <span class='ocrx_word' id='word_1_68' title='bbox 1003 1038 1032 1102; x_wconf 91' lang='lat' dir='ltr'>si</span> <span class='ocrx_word' id='word_1_69' title='bbox 1054 1037 1179 1122; x_wconf 91' lang='lat' dir='ltr'>quidem</span> 
     </span>
     <span class='ocr_line' id='line_1_10' title="bbox 221 1125 1180 1210; baseline -0.004 -18"><span class='ocrx_word' id='word_1_70' title='bbox 221 1127 320 1192; x_wconf 85' lang='lat' dir='ltr'>etiam</span> <span class='ocrx_word' id='word_1_71' title='bbox 341 1149 399 1192; x_wconf 84' lang='lat' dir='ltr'>vos</span> <span class='ocrx_word' id='word_1_72' title='bbox 422 1126 486 1192; x_wconf 91' lang='lat' dir='ltr'>duo</span> <span class='ocrx_word' id='word_1_73' title='bbox 508 1127 591 1190; x_wconf 84' lang='lat' dir='ltr'>tales</span> <span class='ocrx_word' id='word_1_74' title='bbox 605 1125 646 1190; x_wconf 87' lang='lat' dir='ltr'>ad</span> <span class='ocrx_word' id='word_1_75' title='bbox 660 1126 809 1210; x_wconf 90' lang='lat' dir='ltr'>quintum</span> <span class='ocrx_word' id='word_1_76' title='bbox 829 1126 1003 1191; x_wconf 90' lang='lat' dir='ltr'>miliarium</span> <span class='ocrx_word' id='word_1_77' title='bbox 1018 1149 1081 1210; x_wconf 92' lang='lat' dir='ltr'>quo</span> <span class='ocrx_word' id='word_1_78' title='bbox 1094 1145 1180 1191; x_wconf 89' lang='lat' dir='ltr'>nunc</span> 
     </span>
     <span class='ocr_line' id='line_1_11' title="bbox 221 1212 1180 1301; baseline -0.004 -20"><span class='ocrx_word' id='word_1_79' title='bbox 221 1216 328 1301; x_wconf 90' lang='lat' dir='ltr'>ipsum</span> <span class='ocrx_word' id='word_1_80' title='bbox 350 1214 436 1280; x_wconf 87' lang='lat' dir='ltr'>unde</span> <span class='ocrx_word' id='word_1_81' title='bbox 459 1236 493 1279; x_wconf 87' lang='lat' dir='ltr'>se</span> <span class='ocrx_word' id='word_1_82' title='bbox 515 1214 693 1300; x_wconf 80' lang='lat' dir='ltr'>recipienti,</span> <span class='ocrx_word' id='word_1_83' title='bbox 715 1213 792 1298; x_wconf 91' lang='lat' dir='ltr'>quid</span> <span class='ocrx_word' id='word_1_84' title='bbox 806 1215 926 1299; x_wconf 84' lang='lat' dir='ltr'>agenti,</span> <span class='ocrx_word' id='word_1_85' title='bbox 948 1213 1025 1299; x_wconf 94' lang='lat' dir='ltr'>quid</span> <span class='ocrx_word' id='word_1_86' title='bbox 1049 1212 1180 1279; x_wconf 86' lang='lat' dir='ltr'>acturo?</span> 
     </span>
     <span class='ocr_line' id='line_1_12' title="bbox 222 1302 1179 1384; baseline -0.002 -16"><span class='ocrx_word' id='word_1_87' title='bbox 222 1303 351 1380; x_wconf 86' lang='lat' dir='ltr'>Quanto</span> <span class='ocrx_word' id='word_1_88' title='bbox 384 1305 492 1368; x_wconf 91' lang='lat' dir='ltr'>autem</span> <span class='ocrx_word' id='word_1_89' title='bbox 523 1303 663 1368; x_wconf 88' lang='lat' dir='ltr'>ferocius</span> <span class='ocrx_word' id='word_1_90' title='bbox 694 1303 748 1367; x_wconf 93' lang='lat' dir='ltr'>ille</span> <span class='ocrx_word' id='word_1_91' title='bbox 781 1324 896 1367; x_wconf 86' lang='lat' dir='ltr'>causae</span> <span class='ocrx_word' id='word_1_92' title='bbox 928 1323 1005 1368; x_wconf 85' lang='lat' dir='ltr'>suae</span> <span class='ocrx_word' id='word_1_93' title='bbox 1036 1302 1179 1384; x_wconf 87' lang='lat' dir='ltr'>confidet,</span> 
     </span>
     <span class='ocr_line' id='line_1_13' title="bbox 223 1389 1179 1476; baseline -0.002 -20"><span class='ocrx_word' id='word_1_94' title='bbox 223 1414 322 1476; x_wconf 90' lang='lat' dir='ltr'>quum</span> <span class='ocrx_word' id='word_1_95' title='bbox 345 1413 412 1476; x_wconf 80' lang='lat' dir='ltr'>vos,</span> <span class='ocrx_word' id='word_1_96' title='bbox 435 1412 534 1475; x_wconf 88' lang='lat' dir='ltr'>quum</span> <span class='ocrx_word' id='word_1_97' title='bbox 548 1391 647 1456; x_wconf 83' lang='lat' dir='ltr'>vestri</span> <span class='ocrx_word' id='word_1_98' title='bbox 662 1390 781 1455; x_wconf 83' lang='lat' dir='ltr'>similes</span> <span class='ocrx_word' id='word_1_99' title='bbox 797 1412 865 1456; x_wconf 90' lang='lat' dir='ltr'>non</span> <span class='ocrx_word' id='word_1_100' title='bbox 878 1389 974 1456; x_wconf 91' lang='lat' dir='ltr'>modo</span> <span class='ocrx_word' id='word_1_101' title='bbox 988 1392 1179 1476; x_wconf 85' lang='lat' dir='ltr'>frequentes,</span> 
     </span>
     <span class='ocr_line' id='line_1_14' title="bbox 223 1478 1180 1566; baseline -0.001 -22"><span class='ocrx_word' id='word_1_102' title='bbox 223 1480 279 1545; x_wconf 89' lang='lat' dir='ltr'>sed</span> <span class='ocrx_word' id='word_1_103' title='bbox 310 1481 396 1545; x_wconf 82' lang='lat' dir='ltr'>lueto</span> <span class='ocrx_word' id='word_1_104' title='bbox 424 1480 516 1544; x_wconf 81' lang='lat' dir='ltr'>vultu</span> <span class='ocrx_word' id='word_1_105' title='bbox 545 1479 747 1564; x_wconf 78' lang='lat' dir='ltr'>gratulantes</span> <span class='ocrx_word' id='word_1_106' title='bbox 774 1479 912 1544; x_wconf 81' lang='lat' dir='ltr'>viderit?</span> <span class='ocrx_word' id='word_1_107' title='bbox 946 1478 1054 1564; x_wconf 84' lang='lat' dir='ltr'>„Num</span> <span class='ocrx_word' id='word_1_108' title='bbox 1082 1480 1180 1566; x_wconf 81' lang='lat' dir='ltr'>igitur</span> 
     </span>
     <span class='ocr_line' id='line_1_15' title="bbox 222 1565 1241 1654; baseline -0.001 -22"><span class='ocrx_word' id='word_1_109' title='bbox 222 1566 433 1653; x_wconf 83' lang='lat' dir='ltr'>peccamus?“</span> <span class='ocrx_word' id='word_1_110' title='bbox 468 1566 602 1633; x_wconf 89' lang='lat' dir='ltr'>Minime</span> <span class='ocrx_word' id='word_1_111' title='bbox 624 1590 683 1633; x_wconf 86' lang='lat' dir='ltr'>vos</span> <span class='ocrx_word' id='word_1_112' title='bbox 706 1565 848 1652; x_wconf 80' lang='lat' dir='ltr'>quidem3</span> <span class='ocrx_word' id='word_1_113' title='bbox 877 1568 932 1632; x_wconf 89' lang='lat' dir='ltr'>sed</span> <span class='ocrx_word' id='word_1_114' title='bbox 955 1572 1066 1633; x_wconf 90' lang='lat' dir='ltr'>tamen</span> <span class='ocrx_word' id='word_1_115' title='bbox 1088 1569 1179 1654; x_wconf 85' lang='lat' dir='ltr'>signa</span> <span class='ocrx_word' id='word_1_116' title='bbox 1240 1599 1241 1620; x_wconf 59' lang='lat'>1</span> 
     </span>
     <span class='ocr_line' id='line_1_16' title="bbox 222 1655 1241 1742; baseline 0.002 -22"><span class='ocrx_word' id='word_1_117' title='bbox 222 1657 466 1739; x_wconf 86' lang='lat' dir='ltr'>conturbantur,</span> <span class='ocrx_word' id='word_1_118' title='bbox 479 1656 596 1740; x_wconf 90' lang='lat' dir='ltr'>quibus</span> <span class='ocrx_word' id='word_1_119' title='bbox 610 1657 761 1721; x_wconf 89' lang='lat' dir='ltr'>voluntas</span> <span class='ocrx_word' id='word_1_120' title='bbox 775 1678 795 1720; x_wconf 85' lang='lat' dir='ltr'>a</span> <span class='ocrx_word' id='word_1_121' title='bbox 807 1657 1012 1722; x_wconf 86' lang='lat' dir='ltr'>simulatione</span> <span class='ocrx_word' id='word_1_122' title='bbox 1026 1655 1178 1742; x_wconf 83' lang='lat' dir='ltr'>distingui</span> <span class='ocrx_word' id='word_1_123' title='bbox 1240 1661 1241 1710; x_wconf 75' lang='lat' dir='ltr'>l</span> 
     </span>
     <span class='ocr_line' id='line_1_17' title="bbox 222 1743 1177 1830; baseline 0 -22"><span class='ocrx_word' id='word_1_124' title='bbox 222 1748 340 1828; x_wconf 90' lang='lat' dir='ltr'>posset.</span> <span class='ocrx_word' id='word_1_125' title='bbox 370 1743 458 1820; x_wconf 85' lang='lat' dir='ltr'>Quae</span> <span class='ocrx_word' id='word_1_126' title='bbox 472 1765 548 1809; x_wconf 89' lang='lat' dir='ltr'>vero</span> <span class='ocrx_word' id='word_1_127' title='bbox 563 1748 695 1810; x_wconf 87' lang='lat' dir='ltr'>senatus</span> <span class='ocrx_word' id='word_1_128' title='bbox 709 1746 858 1810; x_wconf 88' lang='lat' dir='ltr'>consulta</span> <span class='ocrx_word' id='word_1_129' title='bbox 871 1745 986 1810; x_wconf 77' lang='lat' dir='ltr'>video?</span> <span class='ocrx_word' id='word_1_130' title='bbox 1015 1743 1079 1810; x_wconf 87' lang='lat' dir='ltr'>Sed</span> <span class='ocrx_word' id='word_1_131' title='bbox 1092 1766 1177 1830; x_wconf 88' lang='lat' dir='ltr'>aper·</span> 
     </span>
    </p>

    <p class='ocr_par' dir='ltr' id='par_1_4' title="bbox 197 1831 1240 3334">
     <span class='ocr_line' id='line_1_18' title="bbox 197 1831 1177 1918; baseline 0.003 -24"><span class='ocrx_word' id='word_1_132' title='bbox 197 1832 297 1916; x_wconf 83' lang='lat' dir='ltr'>atius,</span> <span class='ocrx_word' id='word_1_133' title='bbox 320 1853 418 1916; x_wconf 93' lang='lat' dir='ltr'>quam</span> <span class='ocrx_word' id='word_1_134' title='bbox 440 1854 681 1916; x_wconf 85' lang='lat' dir='ltr'>proposueram.</span> <span class='ocrx_word' id='word_1_135' title='bbox 716 1832 790 1918; x_wconf 72' lang='lat' dir='ltr'>ligo</span> <span class='ocrx_word' id='word_1_136' title='bbox 804 1831 922 1918; x_wconf 85' lang='lat' dir='ltr'>Arpini</span> <span class='ocrx_word' id='word_1_137' title='bbox 935 1834 1009 1899; x_wconf 83' lang='lat' dir='ltr'>volo</span> <span class='ocrx_word' id='word_1_138' title='bbox 1033 1855 1102 1898; x_wconf 88' lang='lat' dir='ltr'>esse</span> <span class='ocrx_word' id='word_1_139' title='bbox 1117 1833 1177 1918; x_wconf 91' lang='lat' dir='ltr'>pri-</span> 
     </span>
     <span class='ocr_line' id='line_1_19' title="bbox 223 1919 1177 2008; baseline 0.001 -23"><span class='ocrx_word' id='word_1_140' title='bbox 223 1919 274 1985; x_wconf 90' lang='lat' dir='ltr'>die</span> <span class='ocrx_word' id='word_1_141' title='bbox 287 1920 369 2006; x_wconf 77' lang='lat' dir='ltr'>Kal,</span> <span class='ocrx_word' id='word_1_142' title='bbox 391 1919 506 1985; x_wconf 88' lang='lat' dir='ltr'>deinde</span> <span class='ocrx_word' id='word_1_143' title='bbox 521 1922 641 1987; x_wconf 86' lang='lat' dir='ltr'>circum</span> <span class='ocrx_word' id='word_1_144' title='bbox 662 1920 789 1986; x_wconf 83' lang='lat' dir='ltr'>villulas</span> <span class='ocrx_word' id='word_1_145' title='bbox 812 1925 941 1986; x_wconf 86' lang='lat' dir='ltr'>nostras</span> <span class='ocrx_word' id='word_1_146' title='bbox 964 1944 1079 2008; x_wconf 87' lang='lat' dir='ltr'>errare,</span> <span class='ocrx_word' id='word_1_147' title='bbox 1102 1943 1177 2007; x_wconf 88' lang='lat' dir='ltr'>quas</span> 
     </span>
     <span class='ocr_line' id='line_1_20' title="bbox 222 2003 1178 2094; baseline -0.001 -20"><span class='ocrx_word' id='word_1_148' title='bbox 222 2011 366 2075; x_wconf 85' lang='lat' dir='ltr'>risurum</span> <span class='ocrx_word' id='word_1_149' title='bbox 388 2030 439 2074; x_wconf 93' lang='lat' dir='ltr'>me</span> <span class='ocrx_word' id='word_1_150' title='bbox 461 2013 575 2094; x_wconf 83' lang='lat' dir='ltr'>postea</span> <span class='ocrx_word' id='word_1_151' title='bbox 597 2008 772 2094; x_wconf 79' lang='lat' dir='ltr'>desperari.</span> <span class='ocrx_word' id='word_1_152' title='bbox 813 2003 945 2094; x_wconf 80' lang='grc' dir='ltr'><em>Εὐγενῆ</em></span> <span class='ocrx_word' id='word_1_153' title='bbox 967 2013 1025 2074; x_wconf 87' lang='lat' dir='ltr'>tua</span> <span class='ocrx_word' id='word_1_154' title='bbox 1048 2011 1178 2076; x_wconf 86' lang='lat' dir='ltr'>consilia</span> 
     </span>
     <span class='ocr_line' id='line_1_21' title="bbox 223 2098 1177 2183; baseline -0.002 -20"><span class='ocrx_word' id='word_1_155' title='bbox 223 2101 256 2163; x_wconf 90' lang='lat' dir='ltr'>et</span> <span class='ocrx_word' id='word_1_156' title='bbox 282 2101 392 2163; x_wconf 84' lang='lat' dir='ltr'>tamen</span> <span class='ocrx_word' id='word_1_157' title='bbox 419 2119 478 2183; x_wconf 88' lang='lat' dir='ltr'>pro</span> <span class='ocrx_word' id='word_1_158' title='bbox 505 2098 705 2182; x_wconf 82' lang='lat' dir='ltr'>temporibus</span> <span class='ocrx_word' id='word_1_159' title='bbox 732 2119 799 2163; x_wconf 89' lang='lat' dir='ltr'>non</span> <span class='ocrx_word' id='word_1_160' title='bbox 825 2098 956 2163; x_wconf 83' lang='lat' dir='ltr'>mcauta</span> <span class='ocrx_word' id='word_1_161' title='bbox 982 2099 1063 2164; x_wconf 89' lang='lat' dir='ltr'>mihi</span> <span class='ocrx_word' id='word_1_162' title='bbox 1090 2099 1177 2164; x_wconf 87' lang='lat' dir='ltr'>valde</span> 
     </span>
     <span class='ocr_line' id='line_1_22' title="bbox 222 2185 1177 2271; baseline 0.001 -21"><span class='ocrx_word' id='word_1_163' title='bbox 222 2187 411 2271; x_wconf 89' lang='lat' dir='ltr'>probantur.</span> <span class='ocrx_word' id='word_1_164' title='bbox 456 2185 578 2271; x_wconf 87' lang='lat' dir='ltr'>Lepido</span> <span class='ocrx_word' id='word_1_165' title='bbox 610 2186 739 2270; x_wconf 91' lang='lat' dir='ltr'>quidem</span> <span class='ocrx_word' id='word_1_166' title='bbox 767 2222 808 2234; x_wconf 89' lang='lat'><em>-</em></span> <span class='ocrx_word' id='word_1_167' title='bbox 836 2208 915 2251; x_wconf 91' lang='lat' dir='ltr'>nam</span> <span class='ocrx_word' id='word_1_168' title='bbox 949 2186 1017 2252; x_wconf 88' lang='lat' dir='ltr'>fere</span> <span class='ocrx_word' id='word_1_169' title='bbox 1045 2189 1177 2270; x_wconf 80' lang='grc' dir='ltr'><em>συνδιη-</em></span> 
     </span>
     <span class='ocr_line' id='line_1_23' title="bbox 222 2270 1177 2360; baseline -0.001 -20"><span class='ocrx_word' id='word_1_170' title='bbox 222 2270 414 2360; x_wconf 76' lang='grc' dir='ltr'><strong><em>μερεύομεν,</em></strong></span> <span class='ocrx_word' id='word_1_171' title='bbox 445 2275 531 2359; x_wconf 91' lang='lat' dir='ltr'>quod</span> <span class='ocrx_word' id='word_1_172' title='bbox 555 2275 776 2360; x_wconf 83' lang='lat' dir='ltr'>gratissimum</span> <span class='ocrx_word' id='word_1_173' title='bbox 797 2275 844 2339; x_wconf 90' lang='lat' dir='ltr'>illi</span> <span class='ocrx_word' id='word_1_174' title='bbox 867 2279 917 2340; x_wconf 88' lang='lat' dir='ltr'>est</span> <span class='ocrx_word' id='word_1_175' title='bbox 942 2273 1177 2360; x_wconf 89' lang='lat' dir='ltr'>-numquam</span> 
     </span>
     <span class='ocr_line' id='line_1_24' title="bbox 223 2362 1240 2447; baseline 0 -21"><span class='ocrx_word' id='word_1_176' title='bbox 223 2363 345 2447; x_wconf 86' lang='lat' dir='ltr'>placuit</span> <span class='ocrx_word' id='word_1_177' title='bbox 367 2385 406 2428; x_wconf 86' lang='lat' dir='ltr'>ex</span> <span class='ocrx_word' id='word_1_178' title='bbox 428 2362 524 2427; x_wconf 87' lang='lat' dir='ltr'>Italia</span> <span class='ocrx_word' id='word_1_179' title='bbox 547 2363 640 2447; x_wconf 85' lang='lat' dir='ltr'>exire,</span> <span class='ocrx_word' id='word_1_180' title='bbox 663 2362 757 2428; x_wconf 84' lang='lat' dir='ltr'>Tullo</span> <span class='ocrx_word' id='word_1_181' title='bbox 773 2364 876 2428; x_wconf 86' lang='lat' dir='ltr'>multo</span> <span class='ocrx_word' id='word_1_182' title='bbox 890 2363 997 2428; x_wconf 88' lang='lat' dir='ltr'>minus</span> <span class='ocrx_word' id='word_1_183' title='bbox 1014 2401 1052 2410; x_wconf 94' lang='lat'>-</span> <span class='ocrx_word' id='word_1_184' title='bbox 1069 2365 1176 2429; x_wconf 88' lang='lat' dir='ltr'>crebro</span> <span class='ocrx_word' id='word_1_185' title='bbox 1239 2433 1240 2444; x_wconf 19' lang='lat'>1</span> 
     </span>
     <span class='ocr_line' id='line_1_25' title="bbox 222 2451 1240 2534; baseline 0.002 -19"><span class='ocrx_word' id='word_1_186' title='bbox 222 2452 308 2515; x_wconf 89' lang='lat' dir='ltr'>enim</span> <span class='ocrx_word' id='word_1_187' title='bbox 330 2452 417 2515; x_wconf 91' lang='lat' dir='ltr'>illius</span> <span class='ocrx_word' id='word_1_188' title='bbox 446 2452 573 2516; x_wconf 88' lang='lat' dir='ltr'>litterae</span> <span class='ocrx_word' id='word_1_189' title='bbox 600 2451 642 2515; x_wconf 88' lang='lat' dir='ltr'>ab</span> <span class='ocrx_word' id='word_1_190' title='bbox 670 2451 741 2518; x_wconf 85' lang='lat' dir='ltr'>aliis</span> <span class='ocrx_word' id='word_1_191' title='bbox 768 2451 809 2516; x_wconf 85' lang='lat' dir='ltr'>ad</span> <span class='ocrx_word' id='word_1_192' title='bbox 836 2474 897 2517; x_wconf 88' lang='lat' dir='ltr'>nos</span> <span class='ocrx_word' id='word_1_193' title='bbox 919 2456 1102 2517; x_wconf 89' lang='lat' dir='ltr'>commeant</span> <span class='ocrx_word' id='word_1_194' title='bbox 1123 2474 1177 2534; x_wconf 77' lang='lat'>-3</span> <span class='ocrx_word' id='word_1_195' title='bbox 1239 2473 1240 2526; x_wconf 68' lang='grc' dir='ltr'>ξ</span> 
     </span>
     <span class='ocr_line' id='line_1_26' title="bbox 223 2538 1240 2616; baseline 0.005 -14"><span class='ocrx_word' id='word_1_196' title='bbox 223 2538 279 2603; x_wconf 89' lang='lat' dir='ltr'>sed</span> <span class='ocrx_word' id='word_1_197' title='bbox 315 2560 365 2603; x_wconf 90' lang='lat' dir='ltr'>me</span> <span class='ocrx_word' id='word_1_198' title='bbox 401 2539 530 2604; x_wconf 92' lang='lat' dir='ltr'>illorum</span> <span class='ocrx_word' id='word_1_199' title='bbox 569 2540 748 2605; x_wconf 86' lang='lat' dir='ltr'>sententias</span> <span class='ocrx_word' id='word_1_200' title='bbox 789 2540 896 2606; x_wconf 91' lang='lat' dir='ltr'>minus</span> <span class='ocrx_word' id='word_1_201' title='bbox 930 2542 1106 2606; x_wconf 83' lang='lat' dir='ltr'>movebant</span> <span class='ocrx_word' id='word_1_202' title='bbox 1136 2576 1176 2588; x_wconf 93' lang='lat'>—-</span> <span class='ocrx_word' id='word_1_203' title='bbox 1239 2541 1240 2616; x_wconf 61' lang='lat' dir='ltr'>l</span> 
     </span>
     <span class='ocr_line' id='line_1_27' title="bbox 222 2627 1177 2714; baseline 0.002 -22"><span class='ocrx_word' id='word_1_204' title='bbox 222 2628 330 2692; x_wconf 89' lang='lat' dir='ltr'>minus</span> <span class='ocrx_word' id='word_1_205' title='bbox 352 2627 455 2691; x_wconf 84' lang='lat' dir='ltr'>multa</span> <span class='ocrx_word' id='word_1_206' title='bbox 477 2627 633 2693; x_wconf 87' lang='lat' dir='ltr'>dederent</span> <span class='ocrx_word' id='word_1_207' title='bbox 660 2628 709 2693; x_wconf 93' lang='lat' dir='ltr'>illi</span> <span class='ocrx_word' id='word_1_208' title='bbox 730 2628 778 2693; x_wconf 90' lang='lat' dir='ltr'>rei</span> <span class='ocrx_word' id='word_1_209' title='bbox 799 2627 947 2712; x_wconf 86' lang='lat' dir='ltr'>publicae</span> <span class='ocrx_word' id='word_1_210' title='bbox 969 2630 1107 2714; x_wconf 80' lang='lat' dir='ltr'>pignora</span> <span class='ocrx_word' id='word_1_211' title='bbox 1128 2665 1177 2712; x_wconf 91' lang='lat'>-‚</span> 
     </span>
     <span class='ocr_line' id='line_1_28' title="bbox 222 2714 1177 2803; baseline 0.001 -23"><span class='ocrx_word' id='word_1_212' title='bbox 222 2719 280 2782; x_wconf 87' lang='lat' dir='ltr'>tua</span> <span class='ocrx_word' id='word_1_213' title='bbox 301 2714 483 2780; x_wconf 88' lang='lat' dir='ltr'>mehercule</span> <span class='ocrx_word' id='word_1_214' title='bbox 509 2717 684 2781; x_wconf 88' lang='lat' dir='ltr'>auctoritas</span> <span class='ocrx_word' id='word_1_215' title='bbox 711 2715 918 2782; x_wconf 84' lang='lat' dir='ltr'>vehementer</span> <span class='ocrx_word' id='word_1_216' title='bbox 940 2721 1061 2803; x_wconf 81' lang='lat' dir='ltr'>movet,</span> <span class='ocrx_word' id='word_1_217' title='bbox 1088 2717 1177 2782; x_wconf 84' lang='lat' dir='ltr'>affert</span> 
     </span>
     <span class='ocr_line' id='line_1_29' title="bbox 223 2801 1177 2890; baseline -0.001 -20"><span class='ocrx_word' id='word_1_218' title='bbox 223 2803 309 2870; x_wconf 93' lang='lat' dir='ltr'>enim</span> <span class='ocrx_word' id='word_1_219' title='bbox 336 2806 370 2868; x_wconf 90' lang='lat' dir='ltr'>et</span> <span class='ocrx_word' id='word_1_220' title='bbox 394 2801 510 2887; x_wconf 86' lang='lat' dir='ltr'>reliqui</span> <span class='ocrx_word' id='word_1_221' title='bbox 535 2805 690 2888; x_wconf 88' lang='lat' dir='ltr'>temporis</span> <span class='ocrx_word' id='word_1_222' title='bbox 720 2805 931 2890; x_wconf 87' lang='lat' dir='ltr'>recuperandi</span> <span class='ocrx_word' id='word_1_223' title='bbox 957 2806 1116 2871; x_wconf 89' lang='lat' dir='ltr'>rationem</span> <span class='ocrx_word' id='word_1_224' title='bbox 1146 2809 1177 2869; x_wconf 89' lang='lat' dir='ltr'>et</span> 
     </span>
     <span class='ocr_line' id='line_1_30' title="bbox 222 2891 1176 2978; baseline 0 -20"><span class='ocrx_word' id='word_1_225' title='bbox 222 2891 401 2978; x_wconf 87' lang='lat' dir='ltr'>praesentis</span> <span class='ocrx_word' id='word_1_226' title='bbox 414 2891 536 2957; x_wconf 89' lang='lat' dir='ltr'>tuendi.</span> <span class='ocrx_word' id='word_1_227' title='bbox 563 2891 635 2978; x_wconf 84' lang='lat' dir='ltr'>Sed,</span> <span class='ocrx_word' id='word_1_228' title='bbox 649 2893 782 2959; x_wconf 89' lang='lat' dir='ltr'>obsecro</span> <span class='ocrx_word' id='word_1_229' title='bbox 796 2898 839 2977; x_wconf 87' lang='lat' dir='ltr'>te,</span> <span class='ocrx_word' id='word_1_230' title='bbox 859 2893 1012 2978; x_wconf 86' lang='lat' dir='ltr'>quidhoc</span> <span class='ocrx_word' id='word_1_231' title='bbox 1025 2894 1176 2977; x_wconf 88' lang='lat' dir='ltr'>miserius,</span> 
     </span>
     <span class='ocr_line' id='line_1_31' title="bbox 223 2981 1176 3067; baseline 0.001 -21"><span class='ocrx_word' id='word_1_232' title='bbox 223 3003 320 3066; x_wconf 89' lang='lat' dir='ltr'>quam</span> <span class='ocrx_word' id='word_1_233' title='bbox 342 2982 480 3046; x_wconf 86' lang='lat' dir='ltr'>alterum</span> <span class='ocrx_word' id='word_1_234' title='bbox 501 2981 634 3065; x_wconf 84' lang='lat' dir='ltr'>plausus</span> <span class='ocrx_word' id='word_1_235' title='bbox 656 2981 890 3047; x_wconf 87' lang='lat' dir='ltr'>infoedissima</span> <span class='ocrx_word' id='word_1_236' title='bbox 910 3003 1008 3047; x_wconf 87' lang='lat' dir='ltr'>causa</span> <span class='ocrx_word' id='word_1_237' title='bbox 1021 3003 1176 3067; x_wconf 86' lang='lat' dir='ltr'>quaerere,</span> 
     </span>
     <span class='ocr_line' id='line_1_32' title="bbox 224 3068 1176 3155; baseline 0.002 -21"><span class='ocrx_word' id='word_1_238' title='bbox 224 3071 360 3135; x_wconf 88' lang='lat' dir='ltr'>alterum</span> <span class='ocrx_word' id='word_1_239' title='bbox 383 3068 576 3135; x_wconf 85' lang='lat' dir='ltr'>offensiones</span> <span class='ocrx_word' id='word_1_240' title='bbox 598 3070 634 3134; x_wconf 89' lang='lat' dir='ltr'>in</span> <span class='ocrx_word' id='word_1_241' title='bbox 662 3070 806 3155; x_wconf 82' lang='lat' dir='ltr'>optima?</span> <span class='ocrx_word' id='word_1_242' title='bbox 842 3071 979 3135; x_wconf 88' lang='lat' dir='ltr'>alterum</span> <span class='ocrx_word' id='word_1_243' title='bbox 1006 3070 1176 3136; x_wconf 87' lang='lat' dir='ltr'>existimari</span> 
     </span>
     <span class='ocr_line' id='line_1_33' title="bbox 224 3157 1176 3243; baseline 0.001 -21"><span class='ocrx_word' id='word_1_244' title='bbox 224 3162 482 3224; x_wconf 87' lang='lat' dir='ltr'>conservatorem</span> <span class='ocrx_word' id='word_1_245' title='bbox 504 3158 718 3243; x_wconf 87' lang='lat' dir='ltr'>inimicorum,</span> <span class='ocrx_word' id='word_1_246' title='bbox 740 3159 877 3223; x_wconf 89' lang='lat' dir='ltr'>alterum</span> <span class='ocrx_word' id='word_1_247' title='bbox 894 3157 1090 3225; x_wconf 88' lang='lat' dir='ltr'>desertorem</span> <span class='ocrx_word' id='word_1_248' title='bbox 1104 3159 1176 3224; x_wconf 88' lang='lat' dir='ltr'>emi·</span> 
     </span>
     <span class='ocr_line' id='line_1_34' title="bbox 223 3245 1175 3334; baseline 0.002 -23"><span class='ocrx_word' id='word_1_249' title='bbox 223 3247 355 3311; x_wconf 84' lang='lat' dir='ltr'>corum?</span> <span class='ocrx_word' id='word_1_250' title='bbox 400 3245 445 3312; x_wconf 77' lang='lat' dir='ltr'>llt</span> <span class='ocrx_word' id='word_1_251' title='bbox 474 3246 669 3332; x_wconf 85' lang='lat' dir='ltr'>mehercule,</span> <span class='ocrx_word' id='word_1_252' title='bbox 700 3247 846 3334; x_wconf 78' lang='lat' dir='ltr'>quamvis</span> <span class='ocrx_word' id='word_1_253' title='bbox 869 3267 1012 3312; x_wconf 90' lang='lat' dir='ltr'>amemus</span> <span class='ocrx_word' id='word_1_254' title='bbox 1035 3247 1175 3313; x_wconf 86' lang='lat' dir='ltr'>Gnaeum</span> 
     </span>
    </p>
   </div>
   <div class='ocr_carea' id='block_1_3' title="bbox 222 3402 1239 3544">
    <p class='ocr_par' dir='ltr' id='par_1_5' title="bbox 222 3402 1239 3544">
     <span class='ocr_line' id='line_1_35' title="bbox 293 3402 1239 3474; baseline 0.005 -18"><span class='ocrx_word' id='word_1_255' title='bbox 293 3402 344 3472; x_wconf 82' lang='lat' dir='ltr'>Ep.</span> <span class='ocrx_word' id='word_1_256' title='bbox 364 3408 394 3472; x_wconf 83' lang='grc'>9,</span> <span class='ocrx_word' id='word_1_257' title='bbox 413 3409 439 3458; x_wconf 73' lang='lat'>2.</span> <span class='ocrx_word' id='word_1_258' title='bbox 470 3420 568 3474; x_wconf 67' lang='lat' dir='ltr'>preca</span> <span class='ocrx_word' id='word_1_259' title='bbox 587 3404 607 3458; x_wconf 74' lang='grc' dir='ltr'>ι’.</span> <span class='ocrx_word' id='word_1_260' title='bbox 626 3403 744 3459; x_wconf 70' lang='lat' dir='ltr'>cerdera</span> <span class='ocrx_word' id='word_1_261' title='bbox 771 3404 847 3474; x_wconf 85' lang='lat' dir='ltr'><strong>(W.).</strong></span> <span class='ocrx_word' id='word_1_262' title='bbox 878 3405 951 3474; x_wconf 74' lang='lat' dir='ltr'>quod</span> <span class='ocrx_word' id='word_1_263' title='bbox 972 3405 1038 3460; x_wconf 71' lang='lat' dir='ltr'>rai.</span> <span class='ocrx_word' id='word_1_264' title='bbox 1057 3403 1174 3461; x_wconf 74' lang='lat' dir='ltr'>ared.</span> <span class='ocrx_word' id='word_1_265' title='bbox 1238 3433 1239 3474; x_wconf 64' lang='lat'>3</span> 
     </span>
     <span class='ocr_line' id='line_1_36' title="bbox 222 3473 1239 3544; baseline 0 -17"><span class='ocrx_word' id='word_1_266' title='bbox 222 3475 294 3542; x_wconf 72' lang='lat' dir='ltr'>quod</span> <span class='ocrx_word' id='word_1_267' title='bbox 311 3474 349 3527; x_wconf 84' lang='lat' dir='ltr'>ud</span> <span class='ocrx_word' id='word_1_268' title='bbox 366 3490 394 3527; x_wconf 80' lang='lat' dir='ltr'>a.</span> <span class='ocrx_word' id='word_1_269' title='bbox 412 3473 431 3528; x_wconf 75' lang='lat' dir='ltr'>i.</span> <span class='ocrx_word' id='word_1_270' title='bbox 451 3491 478 3528; x_wconf 75' lang='lat' dir='ltr'>u.</span> <span class='ocrx_word' id='word_1_271' title='bbox 497 3491 525 3528; x_wconf 84' lang='lat' dir='ltr'>ac</span> <span class='ocrx_word' id='word_1_272' title='bbox 542 3473 636 3544; x_wconf 81' lang='lat' dir='ltr'><strong>MRL,</strong></span> <span class='ocrx_word' id='word_1_273' title='bbox 654 3474 722 3530; x_wconf 85' lang='lat' dir='ltr'>Oxx.</span> <span class='ocrx_word' id='word_1_274' title='bbox 741 3475 809 3544; x_wconf 77' lang='lat' dir='ltr'>quid</span> <span class='ocrx_word' id='word_1_275' title='bbox 825 3491 854 3530; x_wconf 81' lang='lat' dir='ltr'>a.</span> <span class='ocrx_word' id='word_1_276' title='bbox 871 3477 891 3530; x_wconf 73' lang='lat' dir='ltr'>i.</span> <span class='ocrx_word' id='word_1_277' title='bbox 909 3477 982 3531; x_wconf 81' lang='lat' dir='ltr'>desc</span> <span class='ocrx_word' id='word_1_278' title='bbox 1000 3476 1099 3544; x_wconf 84' lang='lat' dir='ltr'>(Boot,</span> <span class='ocrx_word' id='word_1_279' title='bbox 1118 3475 1174 3543; x_wconf 57' lang='lat' dir='ltr'>Bi?</span> <span class='ocrx_word' id='word_1_280' title='bbox 1238 3483 1239 3540; x_wconf 40' lang='grc' dir='ltr'><strong>ᾗ</strong></span> 
     </span>
    </p>
   </div>
   <div class='ocr_carea' id='block_1_4' title="bbox 222 3543 1239 3682">
    <p class='ocr_par' dir='ltr' id='par_1_6' title="bbox 222 3543 1239 3682">
     <span class='ocr_line' id='line_1_37' title="bbox 223 3543 1239 3618; baseline 0.008 -23"><span class='ocrx_word' id='word_1_281' title='bbox 223 3572 258 3582; x_wconf 91' lang='grc'><strong>-</strong></span> <span class='ocrx_word' id='word_1_282' title='bbox 276 3543 411 3612; x_wconf 60' lang='lat' dir='ltr'>dirumpas·</span> <span class='ocrx_word' id='word_1_283' title='bbox 424 3549 513 3612; x_wconf 80' lang='lat' dir='ltr'>potest</span> <span class='ocrx_word' id='word_1_284' title='bbox 530 3545 616 3616; x_wconf 79' lang='lat' dir='ltr'>(W.)?</span> <span class='ocrx_word' id='word_1_285' title='bbox 659 3551 684 3601; x_wconf 83' lang='lat'>8.</span> <span class='ocrx_word' id='word_1_286' title='bbox 712 3545 857 3602; x_wconf 61' lang='lat' dir='ltr'>meula</span> <span class='ocrx_word' id='word_1_287' title='bbox 874 3551 978 3602; x_wconf 71' lang='lat' dir='ltr'>cedor.</span> <span class='ocrx_word' id='word_1_288' title='bbox 997 3545 1111 3618; x_wconf 73' lang='lat' dir='ltr'>(uulgo).</span> <span class='ocrx_word' id='word_1_289' title='bbox 1137 3559 1173 3601; x_wconf 74' lang='lat' dir='ltr'>we</span> <span class='ocrx_word' id='word_1_290' title='bbox 1238 3549 1239 3578; x_wconf 64' lang='lat' dir='ltr'>l</span> 
     </span>
     <span class='ocr_line' id='line_1_38' title="bbox 222 3613 473 3682; baseline 0.004 -16"><span class='ocrx_word' id='word_1_291' title='bbox 222 3613 327 3667; x_wconf 79' lang='lat' dir='ltr'>hercule</span> <span class='ocrx_word' id='word_1_292' title='bbox 345 3629 370 3667; x_wconf 83' lang='lat' dir='ltr'>a.</span> <span class='ocrx_word' id='word_1_293' title='bbox 389 3630 425 3682; x_wconf 65' lang='lat' dir='ltr'>v..</span> <span class='ocrx_word' id='word_1_294' title='bbox 442 3613 473 3667; x_wconf 91' lang='lat' dir='ltr'>B.</span> 
     </span>
    </p>
   </div>
   <div class='ocr_carea' id='block_1_5' title="bbox 0 0 1260 3958">
    <p class='ocr_par' dir='ltr' id='par_1_7' title="bbox 0 0 1260 3958">
     <span class='ocr_line' id='line_1_39' title="bbox 0 0 1260 3958; baseline 0 0"><span class='ocrx_word' id='word_1_295' title='bbox 0 0 1260 3958; x_wconf 95' lang='lat' dir='ltr'> </span> 
     </span>
    </p>
   </div>
  </div>
 </body>
</html>
