2522 3960
62 281 221 336 unonnn
237 278 557 337 oronaomsnnsn
572 243 864 340 solinneio.
881 290 904 338 1.
943 283 1004 347 191

61 427 224 510 φιμοίρους
245 427 371 490 litteras
395 427 537 511 miserat,
558 427 644 511 quod
668 427 825 512 quaedam
840 449 859 492 a
873 449 908 492 se
931 446 1005 493 cen·

61 513 162 578 stituta
182 515 407 579 rescinderem.
437 514 485 580 Ut
507 515 536 580 si
557 516 709 600 medicus,
731 537 830 600 quum
853 520 1005 602 aegrotus

62 600 107 664 alii
127 602 250 667 medico
272 603 411 668 traditos
434 603 485 687 sit,
506 603 603 668 irasci
624 603 702 670 velit
716 604 746 668 ei
770 601 928 692 [medico],
951 606 1006 689 qui

62 690 113 753 sibi
133 691 333 775 successerit,
359 693 401 777 si,
430 711 512 775 quae
534 692 603 775 ipse
625 692 662 756 in
684 692 826 757 curando
849 691 1004 758 constitu·

61 778 120 862 erit,
139 779 288 844 immutet
308 780 372 864 ille,
395 780 441 844 sic
463 779 599 864 Appius,
622 802 720 864 quum
744 777 777 858 ἐξ
800 773 1006 864 ἀφαιρέσεως

61 869 248 949 prouinciam
283 868 415 952 curarit,
451 869 642 954 sanguinem
678 869 814 954 miserit,
851 869 1005 953 quidquid
1134 885 1151 899 ²

62 955 156 1036 potuit
177 956 359 1041 detraxerit,
380 956 460 1021 mihi
482 957 651 1021 tradiderit
667 961 822 1042 enectam,
843 977 1005 1042 προςανα-

62 1041 257 1128 τρεφομένην
280 1065 351 1110 eam
365 1067 385 1109 a
398 1067 449 1109 me
471 1067 540 1111 non
561 1045 700 1109 libenter
720 1045 817 1128 videt,
840 1045 895 1110 sed
909 1046 1005 1110 modo

63 1135 227 1216 suscenset,
258 1131 353 1198 modo
384 1134 505 1218 gratias
528 1134 610 1219 egit,
639 1133 723 1198 nihil
745 1133 830 1197 enim
853 1155 873 1198 a
895 1155 946 1198 me
967 1134 1007 1198 fit

64 1239 125 1284 cum
136 1221 204 1284 ulla
215 1221 303 1285 illius
317 1222 526 1286 contumelia:
540 1222 765 1287 tantummodo
780 1221 1005 1286 dissimilitudo

63 1327 141 1372 meae
162 1309 297 1374 rationis
320 1310 455 1374 offendit
476 1310 654 1392 hominem3
686 1309 762 1394 quid
790 1310 876 1374 enim
898 1313 1007 1395 potest

64 1415 122 1460 esse
142 1399 210 1460 tam
232 1397 395 1482 dissimile,
417 1420 514 1483 quam
536 1398 593 1464 illo
615 1399 795 1482 imperante
818 1399 1007 1464 exhaustam

64 1503 122 1548 esse
148 1486 327 1570 sumptibus
350 1491 384 1550 et
409 1487 541 1551 iacturis
554 1511 556 1516 ·
570 1486 782 1570 provinciam,
813 1488 907 1552 nobis
935 1507 1007 1552 eam

66 1572 274 1639 obtinentibus
304 1595 473 1640 nummum
498 1575 624 1638 nullum
652 1596 721 1640 esse
749 1579 916 1662 erogatum
946 1593 1007 1640 nee

66 1660 203 1742 privatim
229 1683 290 1726 nec
316 1661 466 1746 publice?
502 1663 578 1747 quid
606 1663 710 1728 dicam
737 1662 776 1728 de
803 1665 889 1729 illius
915 1685 1006 1748 prae·

65 1747 153 1835 fectis,
175 1750 355 1835 comitibus,
376 1751 493 1836 legatis
511 1751 630 1816 etiam?
654 1753 693 1816 de
706 1752 851 1836 rapinis?
874 1751 913 1816 de
935 1753 1006 1818 libi·

66 1835 203 1902 dinibus?
239 1839 278 1903 de
306 1839 530 1904 contumeliis?
565 1861 653 1905 nunc
676 1843 789 1905 autem
805 1841 919 1906 domus
942 1863 1006 1906 me-

65 1923 179 1991 hercule
210 1928 302 1992 nulla
332 1931 425 1992 tanto
458 1929 592 1994 consilio
624 1932 682 1994 aut
713 1932 807 1993 tante
838 1929 1007 2014 disciplina

66 2014 249 2096 gubernatur
271 2019 417 2080 nuttam
444 2017 590 2081 modeste
612 2021 662 2082 est
684 2039 781 2101 quam
802 2021 915 2082 nostra
936 2021 1007 2082 tota

67 2104 223 2184 provincia.
251 2103 341 2169 Haec
354 2105 503 2170 nonnulli
525 2106 619 2170 amici
632 2105 732 2190 Appii
753 2105 886 2170 ridicule
909 2106 1006 2169 inter-

67 2195 227 2278 pretantur,
249 2193 304 2276 qui
326 2215 377 2257 me
399 2193 518 2258 idcirco
540 2197 658 2278 putent
678 2195 760 2259 bene
784 2193 894 2258 audire
916 2193 1007 2276 velle,

67 2281 97 2340 ut
115 2280 163 2344 ille
185 2282 269 2346 male
285 2281 403 2364 audiat,
426 2285 557 2346 streete
578 2282 685 2346 iacere
698 2303 767 2347 non
780 2302 870 2345 meae
891 2281 1007 2365 laudis,

68 2366 114 2430 sed
132 2369 215 2434 illius
239 2370 453 2434 contumeliae
476 2391 585 2455 oausa3
618 2371 668 2436 sin
690 2369 833 2454 Appius,
854 2372 892 2434 ut
913 2367 1008 2435 Bruti

68 2453 186 2542 litterae,
200 2479 281 2543 quas
296 2458 337 2523 ad
350 2462 383 2522 te
399 2458 496 2543 misit,
519 2459 755 2544 significabant,
777 2458 899 2543 gratias
913 2458 1007 2524 nobis

68 2544 134 2696 tl
151 2547 1008 2721 tlttitlitttl“tansmittit

570 2686 579 2721 5

69 2717 161 2804 inique
192 2723 371 2788 constituta
397 2727 430 2788 et
457 2728 530 2788 acta
555 2725 677 2789 tollere.
721 2723 818 2788 Nunc
844 2725 938 2789 venio
967 2723 1034 2788 ad⁸

68 2803 201 2896 Brutum,
233 2833 330 2896 quem
360 2833 420 2896 ego
453 2813 542 2877 omni
573 2813 679 2877 studio
710 2817 742 2877 te
775 2815 905 2878 auctore
937 2834 1007 2876 sum

69 2899 249 2983 complexae,
272 2921 368 2984 quem
389 2901 487 2965 etiam
511 2922 618 2965 amare
641 2921 822 2986 coeperam,
844 2900 900 2966 sed
921 2899 1007 2963 illico

68 2989 199 3053 revocavi
221 3009 288 3072 me,
319 3009 360 3052 ne
387 2991 420 3052 te
450 2987 655 3053 offenderem:
691 2989 760 3054 noli
787 2989 873 3054 enim
895 2990 1008 3072 putare

68 3077 307 3160 nequidquam
337 3077 501 3161 maluisse,
533 3099 629 3161 quam
660 3081 698 3142 ut
724 3076 884 3142 mendatis
917 3075 1008 3139 satis·

68 3158 199 3249 iacerem,
221 3185 283 3229 nec
305 3165 372 3229 ulla
385 3165 424 3229 de
438 3185 473 3230 re
494 3165 568 3250 plus
582 3166 761 3249 laborasse,
783 3162 1009 3230 mandatorum

100 3390 102 3394 ,
125 3337 173 3408 Ep.
189 3346 214 3408 1,
233 3344 259 3394 2.
279 3340 456 3406 mmstituerit,
475 3341 595 3395 immutet
613 3341 679 3410 (mg.
693 3339 740 3408 M,
756 3337 854 3405 Laud,
873 3336 1008 3404 2Ambr.,

69 3402 104 3472 L),
128 3410 309 3465 constituerim
326 3415 359 3464 at
381 3416 406 3464 et
427 3410 477 3464 Ml
502 3411 563 3480 (Mn
582 3411 768 3478 constituerit).
801 3425 833 3474 a,
852 3413 935 3462 mutet
951 3423 1007 3476 mg.

69 3471 106 3543 ll,
122 3477 179 3536 RB.
210 3510 247 3520 -
279 3481 375 3550 tepetis
396 3479 498 3535 etiam?
530 3482 563 3536 de
581 3481 655 3550 (W).
688 3479 727 3534 t?
759 3479 841 3534 etiam
858 3478 892 3532 de
913 3477 1007 3548 vulgo.

71 3547 90 3596 ³·
105 3563 179 3615 mam
194 3555 227 3605 at
243 3552 384 3606 mandatis
401 3552 585 3618 satisfacerem
603 3552 673 3619 (Mn,
687 3549 747 3618 RI,
762 3551 787 3622 β,
806 3549 964 3617 Ambr.17).
983 3563 1007 3618 q.

71 3619 95 3668 “l
108 3634 138 3673 m.
154 3621 270 3689 facerem
288 3622 347 3678 Ml.
370 3638 405 3692 q,
422 3628 455 3676 ut
471 3623 621 3678 orandarat
638 3622 671 3690 is,
688 3622 777 3691 faeere
794 3619 868 3689 Ern,
885 3619 916 3676 B.
