2590 3964
234 206 275 270 78
515 202 552 259 u.
572 201 696 258 Toum
713 200 903 258 CICERONIS

665 413 754 480 XXI.

267 557 325 612 Ser.
338 555 445 612 Romae
458 555 577 616 exeunte
589 569 685 680 maome
699 551 833 678 (ababli
846 554 922 622 (post
932 552 1005 608 VIII.
1019 551 1052 607 Κ.
1064 553 1156 623 Sext)

631 666 638 680 .
655 642 683 678 u
701 641 725 678 o.
798 664 804 677 .

520 747 652 804 CICERO
672 745 804 801 ATTICO
824 745 899 801 SAL.

204 903 216 942 1
297 875 348 942 ne
378 849 415 943 a
445 874 575 959 publica
607 873 684 958 quid
715 893 776 958 ego
807 871 868 938 ou
899 872 1080 938 suasorem
1115 877 1194 940 eota

231 965 330 1050 periit
349 967 456 1048 atque
468 963 531 1028 boo
553 965 603 1028 est
624 961 780 1044 miserior,
802 982 899 1044 quam
911 960 1077 1046 reliquisti,
1099 963 1193 1045 quod

230 1057 301 1118 tum
323 1050 493 1116 videbatur
509 1049 665 1116 eiusmodi
679 1047 857 1115 dominatio
871 1049 1034 1114 civitatem
1056 1071 1191 1133 oppres-

231 1142 330 1224 sisse,
347 1160 429 1223 quoe
451 1138 592 1205 ineunda
614 1140 699 1204 esset
720 1135 933 1221 multitudini,
961 1137 1056 1203 bonis
1078 1141 1191 1204 autem

230 1230 279 1292 ita
299 1229 450 1310 molesta,
475 1229 513 1290 ut
534 1228 644 1290 tamen
667 1225 912 1308 sinepernioie,
943 1246 1031 1290 nune
1052 1229 1191 1310 repente

230 1319 324 1380 tanto
351 1315 386 1378 in
414 1313 488 1380 odio
516 1317 566 1378 est
593 1313 755 1396 omnibus,
787 1316 837 1396 ut,
869 1333 1005 1396 quorsus
1033 1316 1191 1397 eruptura
1265 1369 1270 1375 .

232 1403 283 1487 sit,
304 1402 507 1467 horreamus:
530 1423 607 1466 nam
628 1401 828 1478 iracundiam
850 1405 946 1484 atque
968 1401 1189 1485 intemperan-

229 1491 311 1554 tiam
332 1490 462 1554 illorum
485 1511 595 1554 sumus
608 1489 740 1572 experti,
763 1489 819 1573 qui
842 1486 958 1554 Catoni
980 1489 1055 1553 irati
1076 1491 1191 1556 omnia

229 1578 448 1663 perdiderunt,
470 1577 527 1642 sed-
547 1577 594 1642 ita
616 1577 742 1642 lenibus
760 1577 809 1640 uti
831 1576 1023 1643 videbantur
1044 1579 1190 1662 venenis,

229 1670 269 1730 ut
289 1686 385 1750 posse
407 1665 587 1730 videremur
610 1665 681 1730 sine
701 1664 811 1730 dolore
833 1664 978 1746 interire;
1000 1686 1086 1730 nune
1108 1688 1189 1732 vero

231 1753 333 1818 sibilis
351 1753 451 1838 vulgi
470 1753 673 1818 sermonibus
686 1753 906 1836 honestorum,
927 1753 1057 1817 fremitu
1070 1751 1189 1820 Italiae

204 1862 343 1909 eversor
364 1862 408 1904 ne
430 1841 615 1906 exarserint.
648 1839 808 1924 Equidem
831 1840 1009 1924 sperabam,
1030 1843 1068 1904 ut
1089 1862 1188 1926 saepe

230 1929 329 1995 etiam
351 1929 441 2012 loqui
463 1931 570 1994 terum
593 1929 745 2012 solebam,
768 1929 813 1992 sio
836 1925 946 1992 orbem
968 1929 1020 1992 rei·
1036 1929 1188 2013 publicae

230 2039 300 2083 esso
328 2037 532 2100 conversum,
563 2019 601 2080 ut
632 2017 685 2080 vix
716 2016 858 2081 sonitum
890 2017 1014 2101 audire,
1044 2017 1097 2082 vix
1125 2018 1186 2084 im-

229 2127 374 2190 pressam
397 2105 535 2170 orbitam
557 2105 664 2170 ridere
686 2125 866 2188 possemus,
888 2107 922 2168 et
942 2103 1058 2169 fuisset
1077 2105 1134 2188 ita,
1157 2107 1187 2172 si

204 2241 207 2248 -
229 2194 377 2260 homines
391 2193 564 2258 transitum
582 2193 783 2276 tempestatis
797 2195 984 2275 exspettare
993 2193 1187 2278 potuissent,

230 2283 299 2366 sod,
331 2304 431 2366 quum
462 2281 517 2346 diu
549 2281 674 2346 oeoulte
709 2280 939 2364 suspirassent,
974 2284 1088 2364 postea
1118 2281 1186 2347 iam

229 2390 370 2453 gemere,
392 2369 434 2432 ad
456 2372 633 2433 extremum
647 2389 722 2434 vero
744 2368 835 2451 loqui
857 2389 968 2432 omnes
991 2371 1024 2432 et
1046 2369 1185 2434 clamare

202 2459 414 2539 aooeperunt.
457 2453 572 2538 Itaque
598 2457 652 2519 ille
680 2456 801 2520 amicus
828 2460 938 2520 noster
964 2455 1106 2522 insolens
1135 2457 1185 2522 in·

228 2543 362 2626 famiae,
373 2563 499 2626 semper
511 2543 547 2607 in
560 2543 655 2606 laude
667 2548 822 2626 versatus,
836 2543 1058 2608 circumfluens
1071 2545 1186 2629 gloria,

230 2629 428 2694 deformatus
443 2651 584 2713 corpore,
606 2629 729 2695 fraotrrs
744 2631 863 2713 animo,
885 2652 948 2714 quo
973 2652 1006 2694 se
1030 2631 1186 2716 conferat,

228 2717 345 2782 nescit:
368 2738 575 2802 progressum
597 2718 820 2802 praeeipitem,
842 2718 1081 2784 inconstantem
1102 2719 1186 2784 redi-

228 2810 299 2870 tum
326 2805 426 2887 videt3
457 2805 561 2870 bonos
588 2805 735 2872 inimicos
761 2805 873 2890 hebet,
904 2806 1069 2890 improbos
1095 2807 1185 2891 ipsos

229 2916 297 2960 non
320 2894 450 2960 amieos.
494 2891 544 2957 Ao
566 2894 637 2959 vide
664 2895 832 2959 mollitiem
855 2893 966 2958 enimi:
998 2915 1067 2959 non
1093 2897 1186 2960 tenui

228 2982 390 3065 lacrimas,
422 3003 521 3065 quum
546 2981 638 3046 illum
668 3003 696 3046 a.
720 2982 841 3047 dvm.
864 2981 936 3046 Kal.
960 2979 1096 3046 Sextiles
1117 2982 1186 3048 vidi

228 3070 268 3135 de
296 3069 408 3134 odietis
437 3067 546 3133 Bibuli
575 3071 832 3153 concionantem
864 3070 919 3152 qui
947 3071 1044 3133 antea
1070 3071 1186 3135 solitus

229 3161 314 3223 esset
335 3159 454 3222 iactare
469 3178 503 3221 se
525 3157 840 3243 magnificentissime
853 3157 909 3221 illo
923 3158 958 3221 in
972 3158 1043 3222 loeo
1059 3179 1185 3224 summo

230 3267 303 3310 oum
326 3267 435 3311 amore
457 3245 582 3330 populi,
609 3245 733 3310 eunetis
755 3245 952 3328 faventibus,
978 3249 1016 3309 ut
1037 3245 1092 3310 ille
1114 3249 1186 3312 tum

228 3332 373 3416 humilis,
399 3336 437 3397 ut
459 3333 615 3396 demissus
638 3336 721 3416 eret,
742 3336 780 3396 ut
801 3333 869 3416 ipse
893 3333 990 3397 etiem
1013 3331 1089 3416 sibi,
1117 3354 1187 3399 non

201 3419 269 3483 siis
292 3419 410 3505 solum,
437 3421 492 3505 qui
515 3419 661 3504 aderant,
689 3420 890 3503 displicebat!
923 3442 942 3484 o
966 3422 1187 3504 spectaculum

229 3505 288 3570 uni
310 3503 426 3572 Crasso
450 3507 634 3592 iucundum,
657 3507 770 3574 ceteris
792 3527 861 3572 non
882 3508 972 3572 item!
1000 3529 1087 3594 nam,
1109 3507 1188 3592 quia
