2582 3980
237 263 496 322 nrrsrorrauu
513 263 563 321 nn
583 260 745 320 Armeuu
764 264 837 320 xvr.
858 273 897 322 re.
982 268 1047 333 605

89 409 176 494 quod
199 409 228 474 si
251 431 270 473 a
292 413 326 474 te
348 411 410 475 erit
431 412 651 498 impetratum,
683 412 729 477 sic
752 413 847 478 velim
876 414 1047 495 existimes,

88 520 140 563 me
164 498 204 563 ds
226 501 283 563 tua
305 498 498 565 liberalitate
524 501 569 566 ita
598 501 896 587 interpretaturum,
927 505 964 568 ut
990 505 1046 567 tuo

89 608 217 652 summo
240 587 396 652 beneficio
423 610 474 653 me
503 589 651 654 affectum
678 590 828 673 iudicem3
860 612 935 676 ego,
966 612 1047 675 quae

90 679 121 740 te
144 675 227 740 velle
251 696 394 760 quaeque
410 677 450 742 ad
463 680 496 741 te
518 678 679 762 pertinere
693 678 883 762 arbitrabor,
906 680 1047 745 studiose

89 764 325 850 diligenterque
348 765 476 832 curabo.
520 766 573 831 Da
596 789 739 852 operam,
761 771 799 833 ut
820 769 937 833 valeas.
1031 769 1037 784 ¹

552 978 589 1044 B.

233 1097 363 1155 CICERO
382 1098 527 1156 PLANCO
547 1099 677 1156 PRAET.
695 1099 811 1156 DESIG.
831 1098 907 1155 SAL.

157 1206 228 1272 lam
252 1212 348 1272 antea
370 1209 470 1293 petivi
493 1209 550 1273 abs
573 1211 605 1275 te
627 1232 686 1295 per
706 1210 845 1294 litteras,
874 1212 923 1292 ut,
950 1230 1076 1294 quuma

90 1319 190 1362 causa
225 1295 471 1362 Buthrotiorum
506 1297 644 1383 probata
680 1321 700 1363 a
736 1298 920 1364 consulibus
957 1301 1050 1382 esset,

90 1386 210 1470 quibus
233 1388 266 1449 et
286 1386 359 1470 lege
382 1389 415 1450 et
437 1388 735 1452 senatusconsulto
758 1387 949 1472 permissum
973 1389 1051 1470 arat,

90 1477 131 1539 ut
153 1474 192 1538 de
214 1471 361 1538 Caesaris
385 1474 465 1539 actis
488 1479 733 1560 cognoscerent,
761 1477 947 1558 statuerent,
969 1474 1050 1538 iudi-

91 1566 214 1645 carent,
237 1583 308 1626 eam
330 1584 399 1627 rem
420 1565 457 1628 tu
480 1562 647 1630 adiuvares
661 1563 870 1647 Atticumque
894 1566 1051 1648 nostrum,

91 1651 184 1716 euius
207 1655 239 1714 te
263 1651 442 1716 studiosum
465 1653 601 1738 cognovi
608 1703 617 1737 ,
639 1656 671 1717 et
693 1674 753 1730 me,
777 1653 832 1737 qui
854 1674 923 1717 non
944 1653 1051 1716 minus

91 1740 222 1823 laboro,
258 1739 406 1804 molestia
441 1740 610 1825 liberares3
647 1741 796 1806 omnibus
833 1742 919 1805 enim
955 1740 1051 1806 rebus

92 1847 215 1913 magna
238 1847 330 1913 cura,
352 1828 454 1893 multa
476 1850 574 1913 opera
596 1834 629 1896 et
650 1831 760 1896 labore
784 1827 939 1898 confectis
961 1829 996 1893 in
1019 1831 1051 1892 te

92 1917 237 2003 positum
264 1921 325 2001 est,
357 1919 394 1982 ut
419 1921 551 1982 nostrae
578 1918 803 1984 sollicitudinis
831 1919 927 1982 finem
955 1939 1051 2000 quam

92 2006 234 2092 primum
265 2005 371 2070 faeere
402 2006 577 2089 possimus:
615 2027 809 2091 quamquam
840 2005 1051 2089 intelligimus

94 2115 134 2158 ea
157 2096 189 2158 te
213 2115 281 2158 esse
304 2094 490 2178 prudentia,
512 2098 550 2159 ut
571 2094 694 2178 videas,
717 2095 744 2158 si
766 2115 805 2158 aa
827 2093 955 2158 decreta
977 2095 1051 2158 cod·
1151 2113 1154 2120 ·

94 2183 213 2266 sulum,
235 2203 316 2266 quae
340 2183 379 2246 de
393 2180 539 2248 Caesaris
560 2184 640 2248 actis
663 2181 856 2267 interposita
879 2184 963 2265 sunt,
985 2203 1053 2245 non

96 2274 278 2354 serventur,
322 2291 475 2357 magnam
516 2271 792 2356 perturbationem
832 2292 941 2334 rerum
974 2268 1052 2334 fore.

95 2359 271 2444 Equidem,
302 2379 401 2443 quum
432 2359 535 2426 multa
567 2395 608 2406 -
640 2359 726 2444 quod
757 2379 886 2424 necesse
919 2360 988 2422 erat
1004 2357 1079 2422 uns

96 2451 192 2512 tanta
214 2447 423 2532 occupatione
447 2485 489 2495 -
512 2470 581 2514 non
609 2449 800 2533 probentur,
831 2468 912 2532 quae
936 2445 1054 2512 Caesar

97 2535 261 2619 statuerit,
291 2541 401 2600 tamen
428 2536 486 2602 otii
513 2537 663 2622 pacisque
691 2557 789 2602 causa
816 2535 968 2600 acerrime
997 2534 1054 2599 illa

98 2625 187 2690 soleo
206 2624 385 2709 defendere,
407 2625 492 2709 quod
511 2626 571 2690 tibi
584 2626 669 2689 idem
683 2645 802 2710 magno
817 2645 912 2708 opere
934 2623 1053 2688 facien-

97 2713 177 2778 dum
199 2734 324 2798 censeo,
346 2735 539 2797 quamquam
561 2713 641 2778 haec
664 2714 800 2798 epistola
823 2735 891 2778 non
914 2712 1054 2777 suasoris

98 2805 162 2884 est,
194 2802 250 2866 sed
272 2801 441 2886 rogatoris.
485 2800 603 2886 Igitur,
634 2803 679 2866 mi
701 2801 832 2885 Plance,
863 2821 943 2885 rogo
966 2803 999 2864 te
1022 2803 1055 2863 et

99 2890 198 2955 etiam
213 2911 282 2973 0r0,
306 2890 351 2954 sic
365 2891 489 2955 medius
502 2889 610 2975 fidius,
632 2893 669 2954 ut
682 2891 802 2956 maiore
817 2889 923 2954 studio
938 2888 1054 2973 magis-

100 2999 163 3062 que
186 3000 225 3042 ex
239 2979 346 3044 animo
362 3000 456 3065 agere
470 2999 537 3044 non
559 2979 691 3064 possim,
712 2983 749 3043 ut
762 2980 868 3043 totum
881 2976 943 3041 hoc
956 2997 1054 3062 nego-

98 3069 182 3131 tium
204 3067 251 3132 ita
273 3088 366 3152 agas,
397 3069 443 3132 ita
469 3070 601 3152 tractes,
631 3067 679 3132 ita
701 3066 866 3149 conficiaS,
893 3069 943 3148 ut,
970 3063 1056 3148 quod

100 3156 171 3220 sine
207 3156 273 3220 ulla
310 3155 509 3222 dubitatione
546 3156 631 3241 apud
674 3155 821 3220 consules
858 3154 1055 3218 obtinuimus

99 3247 234 3330 propter
261 3265 417 3308 summam
444 3243 624 3309 bonitatem
651 3247 683 3307 et
710 3243 904 3327 aequitatem
933 3263 1056 3325 causae,

99 3333 135 3398 id
158 3336 194 3396 tu
217 3354 277 3397 nos
300 3333 476 3398 obtinuisse
503 3355 570 3398 non
593 3332 688 3398 modo
710 3331 804 3396 facile
832 3332 969 3416 patiare,
1001 3331 1055 3396 sed

101 3421 200 3486 etiam
224 3422 378 3506 gaudeas3
407 3443 470 3504 qua
492 3422 621 3505 quidem
650 3422 815 3486 voluntate
839 3425 866 3485 tc
888 3440 957 3486 esse
979 3439 1056 3503 erga

101 3509 249 3576 Atticum
277 3531 371 3595 saepe
401 3531 553 3594 praesens
585 3514 617 3574 et
647 3510 695 3574 illi
722 3508 892 3574 ostendisti
918 3510 952 3572 et
980 3529 1060 3574 vero

100 3598 202 3664 etiam
224 3598 312 3663 mihi.
355 3597 450 3675 Quod
472 3598 500 3662 si
521 3597 648 3682 feceris,
679 3620 743 3682 me,
773 3619 868 3682 quem
890 3597 1056 3662 voluntate
