2582 3980
222 227 288 293 620
349 313 354 321 ι
505 229 542 284 n.
562 227 686 284 runnu
703 225 895 283 crescone

223 373 403 459 suscipitur.
447 371 484 440 Is
510 373 546 438 in
572 373 699 438 Pansae
728 373 836 438 locum
862 376 972 457 petere
1000 371 1178 453 constituit3

222 480 294 527 eam
306 462 563 529 nominationem
577 483 597 526 a
610 466 642 526 te
665 461 817 546 petimus:
840 471 953 550 neque,
967 460 1179 526 coniunctiori

222 549 298 614 dare
312 548 514 636 beneficium,
538 569 635 636 quam
648 571 709 614 nos
722 549 782 614 tibi
796 571 916 634 snmus,
937 570 1042 633 neque
1057 549 1179 635 dignio-
1271 599 1272 624 ,

196 661 291 702 arem
318 639 486 703 nominare
513 643 606 724 potes
634 659 732 722 qnam
757 636 919 702 Bibulum.
963 635 1013 702 De
1037 637 1179 703 Domitio
1271 633 1272 652 ¹

223 729 256 790 et
282 725 443 812 Appuleio
471 728 549 812 quid
576 727 694 794 attinet
724 748 775 791 me
806 726 957 810 scribere,
989 747 1089 810 quum
1121 726 1181 809 ipsi

222 832 280 900 per
303 837 337 881 se
359 815 420 880 tibi
443 813 749 881 commendatissimi
772 814 859 880 sint?
885 814 1084 899 Appuleium
1106 836 1181 879 vero

222 908 259 968 tn
288 907 345 968 tna
373 905 566 970 auctoritato
593 904 750 968 sustinere
780 903 890 987 debes;
923 902 978 967 sed
1002 903 1181 987 Appuleius

222 993 259 1056 in
281 1013 339 1057 suo
361 993 498 1076 epistola
521 991 743 1074 celebrabitur,
764 989 917 1057 Bibulum
930 991 999 1055 noli
1022 991 1182 1055 dimittere

224 1098 250 1146 e¹
264 1081 338 1145 sinu
359 1085 431 1164 tuo,
461 1081 591 1145 tantum
616 1081 682 1150 iarn
710 1081 828 1166 virum,
860 1101 898 1143 ex
921 1083 1060 1164 quanto,
1076 1079 1182 1143 crede
1272 1105 1273 1152 ι

223 1169 313 1254 mihi,
334 1172 443 1253 potest
464 1169 614 1254 evadere,
636 1169 692 1254 qui
714 1168 829 1233 vestris
851 1187 1029 1252 paucorum
1051 1188 1182 1252 respon·
1272 1169 1273 1172 ’

224 1257 299 1322 deat
320 1257 479 1323 laudibus.

565 1465 570 1472 «
655 1447 749 1542 ¹vur.

591 1573 635 1641 (A.
654 1590 681 1626 n.
701 1589 723 1627 o.
744 1575 815 1640 ⁷11.)

522 1677 652 1735 CICERO
671 1675 793 1733 BRUTO
812 1677 888 1732 SAL.

198 1806 211 1846 τ
290 1784 413 1851 Multos
434 1786 496 1851 tibi
518 1786 749 1852 commendabo
764 1789 797 1850 et
810 1783 1031 1851 commendem
1053 1807 1182 1852 necesse

225 1879 340 1939 est-
363 1876 505 1961 optimus
534 1876 621 1940 enim
648 1875 781 1959 quisque
809 1874 859 1940 vir
885 1878 918 1938 et
944 1875 1023 1940 civis
1045 1876 1182 1940 inaximo

226 1964 370 2048 seqnitur
401 1968 494 2030 tuum
519 1963 675 2028 iudicium
705 1964 827 2048 tibique
855 1985 967 2029 omnes
993 1963 1097 2030 fortes
1125 1964 1183 2029 viri

225 2071 345 2118 navare
367 2073 499 2137 operam
521 2055 555 2117 et
568 2051 709 2118 studium
723 2053 837 2118 volunt
858 2057 919 2117 nec
933 2050 1105 2137 quisquam
1128 2057 1183 2135 est,

226 2141 305 2224 quin
326 2141 374 2206 ita
396 2140 569 2226 existimet,
600 2161 705 2205 meam
731 2141 819 2225 apud
846 2144 878 2206 te
902 2144 935 2205 et
957 2142 1183 2206 auctoritatem

198 2232 260 2293 ret
281 2229 421 2314 gratiam
441 2231 549 2295 valere
570 2230 744 2314 plurimum
762 2266 815 2313 -,
837 2228 893 2294 sed
915 2225 950 2294 0.
972 2227 1183 2314 Nasennium,
1275 2251 1276 2254 ’

226 2319 421 2403 municipem
444 2317 652 2402 Suessanum,
678 2317 739 2381 tibi
765 2317 812 2382 ita
834 2316 1039 2403 commendo,
1066 2322 1104 2383 ut
1131 2341 1183 2383 ne·

218 2406 347 2473 aninam
377 2406 576 2493 diligentius·
617 2406 654 2471 Is
681 2403 827 2471 Cretensi
853 2406 939 2471 bello
966 2404 1099 2472 Metello
1127 2406 1182 2472 im-

226 2498 374 2578 peratore
406 2499 556 2562 octavum
587 2495 765 2579 principem
796 2493 901 2578 duxit3
937 2498 1053 2579 postea
1083 2495 1119 2560 in
1150 2514 1182 2560 re

226 2583 378 2647 familiari
410 2587 584 2669 occupatus
615 2583 693 2648 fuit:
727 2582 790 2649 hoc
821 2585 966 2666 tempore
1001 2605 1103 2668 quum
1139 2585 1183 2649 rei

226 2670 373 2754 publicae
395 2673 552 2756 partibus,
572 2675 643 2736 tum
665 2675 722 2736 tua
744 2672 912 2735 excellenti
926 2671 1086 2756 dignitate
1100 2694 1183 2738 com·
1242 2691 1247 2707 ’

227 2761 334 2824 motus
366 2759 436 2824 vult
469 2781 527 2844 per
557 2762 590 2824 te
622 2758 743 2844 aliquid
775 2759 977 2824 auctoritatis
1013 2782 1182 2826 assumere.

226 2846 357 2914 Fortem
370 2845 484 2932 virum,
496 2847 607 2933 Brute,
628 2849 688 2913 tibi
702 2848 901 2934 commendo,
919 2849 1007 2934 frugi
1020 2849 1183 2915 hominem

227 2939 268 3020 et,
291 2937 418 3022 siquid
442 2937 482 3001 ad
504 2957 572 3002 rom
594 2937 743 3021 pertinet,
766 2937 863 3001 etiam
885 2938 1093 3021 locupletem:
1115 2961 1183 3023 per·

227 3027 356 3108 gratum
378 3024 458 3089 mihi
481 3026 555 3110 erit,
586 3026 614 3089 si
641 3046 714 3091 eum
743 3026 790 3090 ita
810 3026 975 3110 tractaris,
1005 3031 1043 3090 ut
1069 3029 1182 3093 merito

227 3114 284 3176 tuo
306 3112 387 3177 mibi
409 3114 531 3198 gratias
554 3129 650 3199 agere
672 3115 784 3198 possit.

296 3285 349 3355 Ep.
364 3292 389 3355 t,
409 3293 433 3341 1.
451 3252 707 3356 suscipitefflsta
724 3287 800 3357 (W.).
818 3303 839 3342 s.
859 3289 900 3344 In
916 3289 1011 3360 vulgo.
1049 3297 1074 3345 2.
1094 3291 1183 3356 debon·

226 3356 273 3410 sed
287 3395 294 3408 .
309 3397 316 3411 .
331 3397 337 3412 .
352 3358 408 3423 oet,
420 3357 457 3414 B.
476 3357 523 3426 (W
525 3362 551 3426 .).
570 3361 597 3414 d.
611 3358 895 3414 &dedetractor
909 3359 946 3414 B.
964 3361 1059 3432 vulgo.
1097 3361 1149 3432 Ep.
1159 3368 1182 3429 Β,

113 3443 117 3456 ·
229 3431 252 3478 1.
276 3427 463 3482 coemendata
482 3426 550 3496 (O.)?
582 3429 733 3484 commendo
751 3430 881 3497 (Iuntina,
904 3430 969 3486 cl?
1001 3433 1184 3488 commendavi

226 3491 331 3632 l'lllssloetol,
354 3495 416 3551 cdd.
433 3496 510 3566 Mal,
529 3498 590 3568 B.)?
627 3505 652 3554 2.
671 3499 837 3569 diliymtius.
866 3501 900 3556 Ic
941 3518 964 3558 r.
988 3502 1064 3574 (W.).
1092 3504 1120 3562 d.
1140 3501 1182 3560 Or.
