2510 3958
187 209 446 266 arrsroaaauu
463 210 513 265 ru
532 209 699 267 arricum
716 210 790 268 vm.
809 218 850 268 ιε.
929 209 1008 276 297.

497 426 536 493 A.

255 546 397 603 BALBUS
416 545 589 604 CICERONI
606 547 678 603 IMP.
698 545 773 606 san.

104 653 246 721 Obsecro
260 659 303 740 te,
316 653 436 740 Cicero,
457 655 583 740 suscipe
597 677 706 722 curam
720 660 754 721 et
765 655 995 742 cogitationem
1010 678 1022 719 ι

47 742 262 828 dignissimam
283 748 359 809 tuae
372 745 510 829 virtutis,
522 748 561 809 ut
578 742 748 810 Caesarem
762 748 795 810 et
807 743 996 831 Pompeium

46 831 172 913 perfidia
193 832 363 898 hominum
380 833 552 898 distractos
564 855 675 898 rursus
689 833 724 898 in
737 833 908 919 pristinam
921 855 996 900 oon-

47 919 182 986 oordiam
203 921 348 986 reducas.
383 919 484 988 Crede
506 921 587 986 mihi
610 919 779 988 Caesarem
801 943 868 988 non
892 924 997 988 solum
1042 978 1048 992 ,

47 1008 107 1073 lore
138 1009 176 1074 in
200 1014 259 1075 tua
284 1013 458 1095 potestate,
489 1010 545 1075 sed
573 1010 670 1075 etiam
697 1010 872 1076 maximum
901 1011 996 1076 bene-

47 1097 146 1163 ficium
168 1101 201 1163 te
225 1097 287 1163 sibi
310 1097 433 1164 dedisse
446 1099 671 1184 iudicaturum,
694 1098 721 1164 si
742 1097 806 1163 huc
828 1103 861 1164 te
883 1099 997 1164 reiicis.

47 1184 146 1250 Velim
159 1187 246 1251 idem
258 1185 431 1272 Pompeius
444 1186 553 1272 faciat,
574 1188 630 1272 qui
642 1190 680 1253 ut
700 1186 816 1252 adduci
837 1188 896 1252 tali
917 1191 998 1253 tem·

47 1295 116 1355 pore
130 1275 173 1340 ad
186 1275 286 1341 ullam
304 1275 526 1342 condicionem
547 1275 660 1361 possit,
682 1275 785 1362 magis
809 1279 886 1361 opto
901 1298 998 1362 quam

49 1383 147 1448 spero;
173 1363 236 1448 sed,
260 1385 359 1448 quum
381 1364 563 1430 aonst'terit
585 1368 618 1429 et
640 1365 752 1429 timere
767 1364 906 1449 desierit,
927 1369 999 1431 tum

48 1450 192 1535 incipiam
210 1473 278 1517 non
291 1452 459 1537 desperare
472 1457 564 1518 tuam
578 1454 802 1518 auctoritatem
823 1453 999 1539 plurimum

49 1539 126 1622 apud
148 1561 223 1605 eum
236 1541 416 1605 valituram.
444 1539 537 1618 Quod
550 1541 725 1607 Lentulum
738 1562 845 1607 meum
867 1542 998 1608 voluisti
1011 1562 1026 1602 a

49 1624 95 1690 hic
106 1649 281 1714 remanere,
294 1627 424 1694 Caesari
437 1633 577 1716 gratum,
596 1629 676 1695 mihi
689 1651 765 1695 vcro
780 1631 999 1716 gratissimum
1012 1707 1016 1715 ,

49 1714 164 1782 medius
186 1716 282 1781 fidius
305 1717 424 1801 fecisti3
446 1740 523 1784 nam
536 1719 628 1783 illum
649 1719 734 1783 tanti
756 1717 850 1804 facio,
872 1722 1000 1785 utnon

51 1799 211 1870 Caesarem
233 1806 338 1891 magis
366 1806 513 1892 diligam3
545 1807 600 1891 qui
630 1807 658 1871 si
684 1828 799 1892 passus
827 1811 913 1872 esset
938 1830 999 1874 nos

52 1912 162 1978 secum,
179 1897 231 1959 ut
254 1915 536 1980 consueveramus,
566 1894 655 1979 loqui
684 1898 717 1959 et
742 1915 810 1961 non
838 1917 871 1959 se
893 1899 999 1962 totum

53 1979 139 2046 etiam
170 1985 267 2067 atque
299 1983 397 2048 etiam
429 1983 470 2048 ab
503 2005 648 2048 sermone
677 1985 790 2047 nostro
823 1984 999 2068 avertisset,

53 2068 148 2136 minus
170 2071 281 2156 miser,
308 2092 406 2155 quam
429 2094 515 2156 sum,
546 2093 663 2152 essem,
694 2091 773 2134 nam
803 2091 879 2135 cave
906 2075 999 2155 putes

52 2153 106 2221 hoe
117 2163 262 2246 tempore
284 2160 357 2244 plus
371 2181 423 2224 me
436 2181 629 2245 quemquam
651 2158 795 2243 cruciari,
818 2158 904 2243 quod
917 2180 1000 2244 eum,

53 2265 137 2326 quem
163 2251 240 2313 ante
267 2270 317 2312 ma
345 2247 459 2334 diligo,
489 2248 582 2314 video
613 2247 650 2312 in
676 2247 846 2312 consulatu
873 2246 1000 2331 quidvis

53 2336 149 2413 potius
172 2357 242 2401 esse
265 2357 362 2420 quam
384 2337 557 2403 consulem.
602 2334 695 2413 Quod
722 2336 750 2400 si
776 2334 914 2400 voluerit
939 2335 1000 2400 tibi

54 2420 264 2508 obtemperare
291 2428 324 2489 et
350 2425 445 2490 nobis
473 2425 511 2491 de
540 2423 675 2490 Caesare
707 2424 835 2489 credere
863 2427 896 2488 et
924 2445 998 2489 oon·
1115 2432 1118 2443 “

54 2509 181 2578 sulatum
194 2512 355 2597 reliquum
368 2513 490 2580 Romae
512 2534 676 2599 peragere,
697 2512 851 2598 incipiam
872 2533 1001 2596 sperare

55 2597 141 2666 etiam
162 2601 297 2667 consilio
321 2605 452 2667 senatus
466 2604 596 2668 auctore
619 2605 661 2686 te,
682 2601 739 2666 illo
753 2601 892 2667 relatore
905 2598 1000 2666 Pom·

54 2687 150 2766 poium
171 2694 204 2756 et
223 2686 393 2756 Caesarem
416 2689 570 2776 coniungi
591 2711 696 2775 posse,
718 2689 805 2774 quod
828 2689 856 2754 si
877 2688 1000 2754 fautum

55 2774 120 2860 eric,
140 2800 192 2843 me
216 2779 295 2842 satis
317 2779 434 2844 vixisse
456 2777 587 2863 putabo.
631 2777 768 2844 Factum
790 2774 937 2843 Caesaris
961 2777 1028 2841 dea

55 2857 183 2934 Corfinio
215 2869 321 2932 totum
352 2869 385 2931 te
415 2866 627 2951 probaturum
659 2866 738 2932 scio:
775 2865 935 2950 quomodo
965 2864 1001 2929 in

56 2949 198 3021 eiusmodi
220 2975 269 3039 re,
301 2953 498 3020 commodius
521 2953 634 3019 cadere
661 2965 729 3020 n'on
751 2953 871 3040 potuit,
903 2974 1000 3037 quam

55 3039 85 3101 ut
103 3063 150 3108 res
173 3043 244 3108 sine
267 3043 425 3128 sanguine
439 3042 601 3108 confieret
632 3040 728 3107 Balbi
743 3042 807 3106 mei
820 3041 931 3125 tuique
946 3040 1000 3106 ad·

56 3133 141 3195 ventu
162 3131 356 3197 delectatum
378 3134 411 3196 te
433 3130 526 3197 ualde
556 3130 694 3218 gaudeo:
730 3130 758 3195 is
782 3149 1001 3214 quaecumque

113 3267 162 3340 Ep.
177 3270 219 3338 L,
238 3274 264 3325 a.
281 3268 430 3324 Malam
447 3285 535 3325 meam
552 3269 686 3338 (Weiske,
704 3268 769 3338 W.).
786 3267 821 3322 L.
841 3265 1000 3339 [canalem]

55 3347 82 3387 a.
98 3336 126 3392 B.
143 3335 279 3395 -'eta'am
297 3357 315 3394 a
343 3356 377 3394 aa
394 3341 475 3395 aiom
494 3339 631 3410 (plerique
649 3339 726 3407 Mal,
743 3338 784 3409 l).
802 3342 827 3393 et
844 3344 901 3394 tom
918 3339 1001 3393 mam

55 3399 103 3461 Ml,
127 3411 208 3466 mam
225 3415 251 3467 et
268 3427 289 3465 e.
344 3416 369 3480 2,
387 3411 447 3479 aa,
470 3410 511 3479 Β.,
530 3410 579 3466 sed
596 3410 621 3466 is
640 3409 739 3465 mallet
756 3412 780 3463 et
798 3409 879 3463 mum
898 3408 999 3464 delere.

55 3477 75 3526 3.
89 3480 148 3601 ἴσίο,
165 3486 200 3550 et,
217 3498 243 3553 q.
262 3480 319 3551 (W.
337 3483 367 3536 et
383 3481 508 3551 Klotz.)?
535 3481 600 3538 sciet
619 3498 644 3551 q.
662 3478 787 3554 naen,
806 3479 873 3536 Oxx.
893 3481 958 3536 sciet
975 3483 1000 3534 et
1053 3483 1055 3490 ’
