2522 3960
247 231 315 296 216
533 236 572 293 lt
589 235 714 292 TULHI
731 235 921 292 CICERONIS

244 383 320 466 bus,
346 403 484 466 quorum
510 381 711 448 volontatem
736 381 773 446 in
801 381 1036 467 supplicatione
1058 402 1132 446 snm
1152 399 1202 446 ex·

244 475 365 556 pertus
409 469 461 536 Tu
482 473 593 536 tamen
614 470 708 534 mitte
729 469 823 552 mihi,
845 491 980 553 quaeso,
1002 469 1134 534 obviam
1151 468 1201 531 lit
1242 529 1243 538 ,

244 565 341 643 teras,
361 579 441 624 num
463 559 541 643 quid
563 562 659 643 putes
680 558 728 623 rei
750 557 900 642 publicae
920 558 1054 622 nomine
1075 556 1201 622 tardan-

245 647 541 713 dumessenobis.
585 644 1202 730 liroadtededissethttmas,nisi

246 757 320 802 enm
342 736 485 822 gravitm
506 733 717 820 aegrumlssi
735 735 949 819 reliquissem3
971 735 1028 800 sed
1050 733 1201 800 nuntiant

245 825 360 890 melius
374 846 458 890 esse:
481 845 543 910 ego
556 827 668 888 tamen
685 844 798 909 angor,
814 823 899 889 nihil
911 823 999 889 enim
1010 823 1070 890 illo
1083 822 1201 888 adoles·
1243 879 1244 912 ,

246 917 339 981 cente
360 913 496 998 castius,
517 912 601 980 nihil
623 911 821 998 diligentius

682 1103 774 1172 vm

357 1227 417 1286 ser.
434 1225 542 1298 Ephesi
558 1225 695 1283 Kalendis
714 1226 883 1282 Octobrrhus
902 1242 927 1281 a
945 1241 973 1282 n.
991 1242 1015 1281 e.
1035 1231 1094 1283 '104

537 1331 667 1388 CICERO
686 1331 820 1388 sfflco
839 1331 915 1387 SAL.
1244 1329 1245 1342 ¹

220 1459 234 1500 ι
314 1439 421 1518 Quum
446 1441 660 1508 instituissem
686 1442 729 1507 ad
758 1445 792 1506 te
819 1441 957 1506 scribere
983 1441 1198 1524 calamumque

248 1531 470 1615 sumpsissem,
499 1529 660 1596 Batonius
691 1551 709 1594 e
735 1529 813 1595 nari
842 1532 932 1594 recta
962 1528 1004 1592 ad
1034 1551 1086 1594 me
1115 1529 1199 1593 venit

248 1617 380 1684 domum
400 1618 525 1703 Ephesi
547 1623 581 1684 et
602 1618 773 1703 epistolam
799 1620 891 1682 tuam
917 1617 1057 1682 reddidit
1076 1636 1111 1683 m
1131 1617 1198 1681 Kal.

248 1705 418 1772 Octobres:
447 1707 587 1771 laetatus
610 1729 683 1771 sum
704 1706 858 1770 felicitate
880 1705 1099 1791 navigationis
1119 1709 1199 1788 tuse,
1245 1721 1246 1766 l

248 1795 491 1879 opportunitate
504 1793 615 1879 Piliae,
636 1795 735 1860 etiam
755 1794 885 1859 hercule
899 1815 1046 1859 sermone
1064 1793 1197 1858 eiusdem

222 1883 289 1948 ¹de
317 1883 468 1968 coniugio
492 1882 616 1948 'lhiliae
643 1905 742 1948 meae.
786 1881 945 1948 Batonius
972 1886 1082 1948 autem
1107 1881 1197 1947 miros

247 1975 387 2037 terrores
410 1971 452 2035 ad
473 1993 525 2035 me
539 1971 650 2036 attulit
663 1969 882 2054 Caesarianos,
904 1991 978 2035 cum
990 1967 1094 2055 Lepta
1109 1971 1197 2036 etiam

248 2061 343 2146 plura
364 2061 491 2125 locutus
513 2063 578 2143 est,
604 2081 698 2145 spero
720 2059 818 2142 falsa,
845 2058 902 2123 sed
923 2061 1009 2122 certe
1030 2059 1197 2140 hon-ibilia,

249 2147 421 2214 Gaesarem
442 2147 616 2212 exercitum
642 2148 734 2212 nullo
760 2146 858 2212 modo
880 2146 1103 2231 dimissurum,
1132 2167 1196 2212 cum

248 2237 306 2303 illo
341 2239 507 2322 praetores
538 2235 739 2322 designatos,
774 2233 922 2300 Cassium
956 2234 1124 2300 tribunum
1151 2235 1197 2320 pl,

249 2323 424 2390 Lentulum
446 2324 611 2390 consulem
632 2325 748 2408 facere,
769 2322 924 2408 Pompeio
946 2323 982 2387 in
1004 2324 1114 2389 animo
1135 2341 1196 2388 esse

222 2413 363 2478 ⁸urbem
384 2412 573 2498 relinquere.
616 2410 679 2478 Sed
701 2412 782 2477 heus
802 2415 850 2496 tu,
871 2432 951 2476 num
973 2411 1051 2496 quid
1074 2413 1197 2478 moleste

249 2499 315 2565 fers
337 2500 378 2564 de
403 2501 475 2585 illo,
506 2501 561 2585 qui
588 2523 622 2566 se
650 2501 734 2566 solet
759 2500 920 2564 anteferre
945 2503 1065 2585 patruo
1088 2499 1196 2567 sororis

94 2625 97 2630 -
222 2590 325 2653 etuas
347 2588 428 2653 filii?
463 2592 499 2653 at
520 2611 541 2653 a
562 2590 679 2673 quibus
706 2588 832 2654 rictus?
868 2586 931 2653 Sed
953 2588 995 2652 ad
1015 2609 1095 2654 rem.
1137 2587 1197 2654 Nos

251 2675 369 2742 etesiae
391 2675 672 2742 vehementissime
693 2677 877 2759 tardarunt3
899 2676 1038 2741 detraxit
1050 2695 1107 2742 xx.
1120 2678 1198 2762 ipsos

250 2762 319 2830 dies
333 2764 430 2829 etiam
440 2765 614 2848 aphractus
623 2765 834 2831 Rhodiorum.
856 2763 928 2829 Kal.
938 2764 1067 2830 Octobr.
1076 2766 1197 2851 Epheso

250 2853 503 2920 conscendentes
524 2853 610 2919 hanc
632 2854 803 2939 epistolam
825 2853 970 2918 dedimus
992 2852 1029 2918 L.
1041 2852 1197 2939 Tarquitio

251 2943 347 3008 simul
369 2964 387 3007 e
409 2945 506 3027 portu
528 2942 724 3028 egredienti,
746 2942 803 3008 sed
825 2941 1003 3026 expeditius
1025 2940 1197 3028 navigant:

250 3051 311 3098 nos
333 3030 536 3096 Rhodiorum
558 3031 722 3116 aphractis
744 3030 921 3115 ceterisque
942 3030 1051 3116 longis
1073 3030 1197 3098 navibus

250 3118 502 3204 tranquillitates
534 3119 724 3206 aucupaturi
754 3139 895 3203 eramus3
927 3118 975 3183 ita
1000 3123 1112 3184 tomen
1135 3138 1197 3204 pro

224 3208 458 3292 sperabamus,
488 3209 527 3274 ut
552 3227 621 3273 non
647 3210 759 3292 posset
786 3207 900 3293 magis.
944 3205 994 3273 De
1016 3205 1196 3274 raudusculo

391 3370 418 3488 c
436 3369 463 3419 ²·
567 3365 634 3490 u·
655 3363 913 3489 crue
932 3364 982 3437 ⁶¹¹·
1009 3359 1195 3490 cml

245 3448 397 3628 friducis.
416 3440 561 3575 rhoffi
602 3477 637 3558 2‘
658 3475 818 3570 mettica,
841 3440 987 3560 caiidr’ed
1001 3476 1050 3589 qe..
1072 3508 1105 3575 (a
1123 3432 1196 3570 wad),

261 3571 289 3627 b.
307 3586 336 3626 οε
354 3571 403 3642 2.).
420 3571 458 3640 lu,
474 3589 515 3628 ca.
535 3574 712 3645 (MRIaB.)?
747 3581 774 3630 4.
796 3575 1018 3630 octcmmccseme
1035 3575 1157 3646 (ΘΜ),

18 3565 21 3642 ι
