2574 3966
213 251 471 308 EPISTOLARUM
488 253 538 308 AD
557 253 723 310 ATTICUM
741 255 802 310 XII.
822 263 864 310 18.
885 261 929 310 19.-
980 255 1046 319 429
1076 213 1081 231 ‘

86 396 149 462 sed
164 400 258 460 erant
280 397 383 482 pridie
396 397 533 463 fortasse
548 398 685 484 scriptae
699 420 796 483 quam
809 399 912 466 datae.
939 398 1051 484 Neque

88 484 156 548 ista
179 484 308 568 quidem
322 507 409 570 curo,
432 486 487 551 sed
501 489 611 552 tamen
628 487 743 572 opinor
764 491 897 573 propter
917 488 1052 573 praedes

88 593 168 638 suos
197 575 422 640 accucurrisse.
468 574 560 651 Quod
588 575 701 641 scribis
724 575 908 642 Terentiam
931 577 969 641 de
997 578 1079 642 obe

88 660 313 746 signatoribus
336 663 401 727 mei
422 665 609 729 testamenti
631 665 729 749 loqui,
750 664 890 750 primurn
903 665 965 730 tibi
982 687 1052 749 per·

90 749 191 815 suade
219 771 271 814 mc
297 751 397 815 istaec
419 773 487 816 non
513 773 626 818 curare
652 774 756 837 neque
780 775 849 818 esse
879 753 1053 837 quidquam

90 841 148 902 aut
180 859 300 922 parvae
328 861 422 904 curae
450 844 507 904 aut
528 862 632 906 novae
657 842 733 925 loci3
766 842 821 907 sed
844 845 955 906 tamen
977 841 1053 924 quid

92 926 220 990 simile?
260 927 318 992 illa
354 948 408 993 eos
440 943 508 994 non
540 929 700 1014 adhibuit,
736 931 822 1015 quod
860 929 1055 995 existimavit

91 1015 305 1100 quaesituros,
326 1017 390 1081 nisi
413 1017 557 1101 scissent,
580 1018 656 1102 quid
680 1022 776 1083 esset:
799 1039 878 1083 num
900 1017 934 1083 id
956 1017 1053 1082 etiam

88 1103 173 1167 mihi
194 1104 329 1188 periculi
351 1104 436 1170 fuit?
460 1104 515 1170 sed
537 1108 648 1171 temen
666 1106 765 1171 faciet
785 1106 852 1191 illa,
874 1105 961 1192 quod
983 1125 1054 1190 ego.
1098 1177 1103 1186 ,

90 1189 187 1256 Dabo
216 1214 324 1257 meum
350 1196 581 1259 testamentum
607 1195 793 1280 legendum,
824 1195 876 1260 cui
902 1194 1054 1260 voluerit:

87 1280 255 1365 intelliget
276 1303 344 1346 non
365 1283 510 1366 potuisse
532 1283 832 1349 honorificentiusa
849 1305 900 1347 me
923 1283 993 1347 fieri
1015 1282 1054 1347 de

91 1373 227 1453 nepote,
259 1391 353 1454 quam
381 1371 521 1436 fecerim.
566 1369 664 1457 Nam,
692 1372 778 1456 quod
805 1392 873 1437 non
901 1369 1056 1437 advocavi
1142 1399 1145 1402 ·

91 1457 133 1520 ad
149 1457 399 1544 obsignandum,
420 1460 561 1544 primum
573 1461 654 1524 mihi
671 1482 740 1526 non
753 1461 891 1526 venitin
904 1462 1055 1542 mentem,

91 1545 209 1610 deinde
232 1567 271 1610 ea
292 1569 327 1610 re
349 1569 417 1613 non
439 1549 541 1632 venit,
572 1549 648 1633 quia
674 1549 757 1613 nihil
785 1548 926 1614 attinuit.
971 1547 1055 1614 Tute

90 1633 1055 1811 111111111111111111

92 1810 244 1894 equidem
267 1811 458 1878 domesticos
480 1774 649 1879 iiisseram:
682 1818 751 1879 tum
774 1815 834 1880 tibi
856 1816 993 1901 placuit,
1018 1817 1056 1880 ut

92 1901 259 1964 mitterem
282 1901 323 1965 ad
346 1899 472 1985 Silium3
503 1903 579 1967 inde
601 1906 651 1967 est
672 1907 802 1986 natum,
824 1906 861 1968 ut
884 1903 925 1968 ad
947 1902 1055 1966 Publi·

91 1987 189 2070 lium,
220 1987 275 2052 sed
298 2009 428 2054 necesse
449 1994 601 2055 neutnrm
622 1991 694 2057 tuit
738 1990 811 2056 Hoc
832 1994 870 2056 tu
891 1990 1056 2074 tractabis,

92 2079 132 2142 ut
154 2075 217 2142 tibi
238 2077 406 2144 videbitur.

529 2271 617 2338 XIX.

95 2391 155 2448 Sor.
173 2391 293 2448 Astures
315 2409 411 2449 mense
432 2393 535 2450 Martio
563 2395 621 2462 (ΙΙΙ.
640 2392 702 2450 Κ11.
721 2392 838 2464 Matr)
860 2406 886 2448 a
904 2408 932 2447 u.
951 2406 975 2447 c.
995 2395 1055 2449 ⁷09.

369 2498 518 2556 OIOERO
536 2499 687 2556 ATTICO
704 2499 788 2556 SAL.

162 2606 225 2673 Est
246 2608 300 2676 hic
322 2608 450 2695 quidem
471 2610 561 2674 locus
584 2630 738 2674 amoenus
759 2609 849 2675 etin
871 2609 953 2673 mari
974 2607 1080 2692 ipso,¹

94 2697 153 2784 qui
175 2701 209 2762 et
230 2695 331 2764 Antio
354 2701 388 2763 et
410 2695 540 2762 Circeiis
563 2698 663 2781 aspici
689 2698 806 2782 possit,
837 2696 894 2762 sed
915 2696 1057 2762 ineunda

93 2785 192 2852 nobis
213 2786 297 2851 ratio
321 2789 386 2871 est,
417 2786 685 2869 quemadmodum
707 2787 742 2850 in
765 2787 855 2851 omni
877 2786 1056 2850 mutatione

94 2873 310 2959 dominorum,
332 2897 414 2960 quae
436 2875 686 2939 innumerabiles
700 2874 770 2938 fieri
790 2877 930 2960 possunt
951 2875 986 2939 in
1008 2875 1056 2938 in·

94 2964 190 3028 finita
211 2965 410 3048 posteritate,
433 2963 460 3027 si
482 2963 578 3028 modo
600 2963 681 3027 haec
697 2963 840 3046 stabunt,
861 2961 941 3026 illud
965 2961 1057 3045 quasi

95 3055 324 3118 consecratum
345 3072 510 3117 remanere
537 3052 649 3136 possit.
694 3051 853 3134 Equidem
879 3049 945 3114 iam
974 3049 1057 3114 nihil

95 3161 176 3226 egeo
198 3140 411 3226 vectigalibus
440 3143 474 3204 et
499 3162 599 3226 parvo
623 3142 795 3205 contentus
818 3160 886 3203 esse
909 3160 1056 3224 possum:

95 3230 205 3314 cogito
227 3229 390 3295 interdum
409 3231 500 3293 trans
514 3227 655 3294 Tiberim
668 3228 781 3293 hortos
796 3227 921 3311 aliquos
934 3249 1057 3311 parare,

8 3374 11 3382 .
95 3321 129 3384 et
143 3317 272 3402 quidem
286 3318 328 3383 cb
348 3319 434 3382 hanc
448 3337 578 3382 causam
591 3317 738 3400 maxime,
759 3315 842 3381 nihil
856 3315 942 3380 enim
955 3314 1058 3396 video,

95 3406 182 3491 quod
213 3409 283 3470 tam
315 3407 439 3472 celebre
471 3427 539 3470 csse
571 3407 690 3491 possit;
721 3405 791 3487 sed,
823 3426 917 3490 quos,
948 3425 1058 3470 coram

95 3495 289 3579 videbimus,
319 3495 368 3560 ita
398 3499 522 3578 tamen,
552 3499 590 3560 ut
620 3495 682 3559 hac
708 3495 831 3558 aestate
858 3493 971 3558 fanum
1001 3492 1058 3556 ab·

96 3584 239 3652 solutum
262 3584 317 3650 sit:
339 3588 377 3648 tu
399 3587 510 3648 tamen
532 3604 606 3649 cum
628 3581 745 3668 Apella
767 3580 849 3648 Chic
873 3581 994 3648 confice
1017 3578 1057 3644 de
