2510 3958
169 199 430 256 EPISTOLARUM
448 201 498 256 AD
517 202 683 260 ATTIOUM
701 203 773 258 VIII.
794 210 835 258 11.
917 202 983 268 283

34 343 231 429 comtituere,
264 367 329 430 qua
355 345 436 411 mihi
462 345 546 412 nihil
572 347 684 413 utilius
712 347 894 433 videbatur,
926 351 984 414 aut

32 433 275 516 rempublicam
299 455 425 500 summe
448 456 522 500 cum
543 435 703 520 digmtats
725 435 912 502 defendere:
933 437 983 502 in-

32 519 114 584 terim
143 521 295 588 nondum
326 523 407 590 meis
437 523 555 588 litteris
582 523 624 588 ad
648 527 683 588 te
714 524 847 609 perlatis
874 547 914 590 ex
942 525 983 590 iis

32 608 193 694 mandatis,
215 631 299 694 quea
321 609 361 676 D.
383 609 494 678 Laelio
516 611 558 678 ad
581 612 729 678 eonsules
752 612 895 696 dederas,
917 633 984 678 eer-

31 696 84 760 ticr
103 697 153 762 tui
176 698 306 764 consilii
327 698 433 765 factus
456 721 525 766 non
547 700 739 784 exspectavi,
761 700 839 766 dum
861 699 940 766 mihi
963 723 984 766 a

31 784 203 852 telitterae
226 786 445 873 redderentur,
467 787 702 873 confestimque
725 810 799 854 eum
822 786 859 864 Q.
881 789 982 854 fratre

31 875 57 933 et
76 893 148 938 eum
170 875 283 940 liberis
306 875 427 942 nestris
449 875 511 942 iter
524 877 566 942 ad
588 879 621 941 te
642 877 680 942 in
701 875 855 961 Apuliam
876 876 983 942 facere

31 961 118 1044 coepi
156 962 267 1038 Quum
289 962 434 1030 Teanum
456 962 634 1030 Sidicinum
656 965 824 1050 venissem,
846 962 881 1032 Ο.
898 963 1009 1030 Mes-¹

32 1048 99 1130 sius,
129 1049 303 1118 familiaris
325 1055 414 1137 tirus,
445 1053 526 1118 mihi
552 1054 633 1118 dixit
662 1054 779 1138 aliique
801 1054 983 1137 complures

31 1131 191 1204 Gaesarem
214 1140 277 1205 iter
298 1139 418 1206 habere
441 1139 585 1226 Capuam
608 1144 642 1206 et
663 1163 701 1208 eo
724 1143 796 1226 ipse
819 1141 870 1207 die
893 1162 982 1206 man·

32 1244 130 1291 surum
153 1249 227 1292 esse
248 1227 438 1296 Aeserniae:
470 1251 549 1298 sane
571 1251 643 1296 sum
666 1233 860 1314 commotus,
887 1230 984 1314 quod,

32 1311 117 1378 siita
138 1320 236 1400 esset,
258 1337 328 1382 non
348 1317 446 1384 medo
467 1319 531 1383 iter
551 1340 659 1384 meum
683 1319 903 1402 interclusum,
926 1317 982 1383 sed

32 1402 136 1553 iis?
136 1405 350 1578 {tutte
370 1405 884 1579 renuntientur
906 1409 983 1560 II

33 1580 145 1644 eertum
172 1581 268 1646 nobis
297 1581 340 1646 ab
362 1580 519 1650 Aesernia
546 1583 586 1648 de
613 1605 666 1669 eo,
697 1583 783 1669 qued
811 1583 984 1667 audieram,

32 1663 204 1761 referretur.
249 1667 296 1734 At
317 1670 410 1755 mihi,
432 1692 533 1755 quum
555 1669 687 1738 Calibus
709 1693 828 1755 essem,
851 1672 1010 1738 affertur⁸

33 1748 203 1822 litterarum
225 1760 355 1822 tuarum
378 1760 568 1844 exemplum,
590 1782 672 1844 quas
693 1763 731 1826 tu
754 1761 794 1826 ad
808 1760 984 1826 Lentulum

35 1844 188 1909 consulem
210 1845 361 1912 misisses.
404 1844 473 1914 Eae
496 1849 634 1933 scriptae
657 1850 831 1914 eicerent:
857 1849 983 1914 litteras

35 1926 86 1992 tibi
110 1953 136 2008 s.¹
156 1931 192 1998 L.
219 1933 364 2000 Domitio
391 1957 419 2001 a.
449 1935 479 2002 d.
508 1954 578 2008 xm.
600 1936 673 2002 Kal.
699 1935 835 2004 Martias
867 1938 983 2002 allatas

37 2034 108 2103 esse,
130 2043 304 2106 earumque
327 2024 508 2108 exemplum
530 2025 778 2109 subscripseras,
809 2025 983 2109 magnique

37 2102 178 2174 interesse
200 2111 249 2176 rei
270 2111 418 2194 publicae
432 2112 605 2196 scripseras
620 2134 731 2178 omnes
745 2112 855 2195 copias
877 2113 983 2196 primo

38 2212 150 2280 quoque
177 2203 323 2282 tempore
350 2201 386 2266 in
411 2222 512 2268 anum
538 2202 647 2268 lecum
670 2200 855 2283 convenire,
886 2203 920 2264 et
946 2201 984 2264 ut

37 2286 175 2361 praesidii
198 2287 286 2372 quod
313 2288 392 2358 satis
414 2293 501 2354 esset
522 2287 652 2373 Capuae
673 2289 876 2372 relinqueres
921 2286 983 2352 His

39 2387 89 2453 ego
108 2375 226 2443 litteris
247 2375 340 2442 lectis
367 2377 402 2453 ip
425 2377 537 2442 eadem
559 2378 712 2462 opinione
734 2377 796 2462 fui,
825 2398 890 2462 qua
911 2375 983 2442 reli·

38 2459 83 2538 qui
110 2485 235 2548 omnes,
265 2467 299 2530 ta
330 2486 404 2532 cum
431 2466 581 2532 omnibus
608 2466 710 2550 copiis
735 2466 778 2532 ad
806 2463 984 2534 corfinium

40 2557 298 2636 asserentium,
320 2575 384 2638 quo
399 2553 488 2638 mihi,
510 2576 610 2639 quum
623 2552 743 2620 Caesar
764 2554 806 2620 ad
828 2553 985 2640 oppidum

39 2640 130 2706 esus
163 2641 312 2726 haberet,
347 2645 455 2708 tutum
489 2643 552 2708 iter
586 2665 656 2710 asse
692 2665 761 2710 nen
795 2643 984 2710 arbitrabar.

38 2718 129 2794 Quum
149 2750 202 2804 res
224 2730 261 2794 in
283 2751 409 2796 summa
429 2732 669 2818 exspectatione
692 2735 790 2816 esset,
811 2735 984 2816 utrumque

38 2809 119 2905 simul
141 2818 316 2902 audimus,
344 2822 377 2884 et
404 2839 486 2903 quae
509 2817 643 2884 Corfinii
669 2823 742 2885 acta
765 2823 874 2886 essent
896 2823 930 2884 et
950 2821 983 2882 te

38 2900 88 2964 lter
107 2903 317 2974 Brundisium
338 2907 445 2972 fecere
461 2907 614 2993 coepisse,
636 2928 798 2992 quumque
819 2927 881 2975 uec
903 2905 984 2972 mihi

38 3003 86 3053 nee
105 2993 200 3060 fratri
221 3016 294 3060 mee
317 2995 450 3060 dubium
467 2999 560 3078 esset,
583 2995 662 3080 quin
675 2995 886 3064 Brundisium
907 3014 983 3058 con·

37 3074 236 3166 tenderemus,
259 3105 280 3146 a
292 3083 412 3168 multis,
434 3086 490 3168 qui
504 3105 520 3148 e
535 3082 668 3150 Samnio
681 3082 864 3169 Apuliaque
877 3081 984 3162 venie·

40 3157 112 3252 bant,
133 3170 293 3238 admoniti
305 3193 427 3256 sumus,
441 3176 480 3238 ut
492 3193 688 3256 caveremus,
708 3193 751 3238 ne
764 3171 984 3255 exciperemur

64 3324 144 3409 ..Ep
161 3327 204 3394 D.¹
224 3333 250 3382 3.
281 3327 405 3411 misane
424 3327 486 3382 Eae
505 3327 572 3396 (On,
589 3328 654 3396 W.).
686 3326 790 3409 misisse
806 3341 855 3381 reu
871 3326 904 3381 ha
922 3325 983 3382 Ml.

39 3397 273 3538 miseni.
291 3395 984 3538 mimssiviidiss‘atf'ffititittt

40 3529 80 3603 u..
95 3539 152 3609 Bes
216 3509 224 3536 '
956 3539 961 3548 ·
