2582 3980
255 277 513 338 EPISTOLARUM
531 279 580 337 ln
600 279 752 340 BRUTUM
770 285 791 339 l.
811 291 836 340 9.
857 291 897 339 10.
988 284 1054 348 623

95 432 204 511 neque'
233 448 294 513 ego
325 427 418 492 illum
450 427 625 500 absentem,
643 428 759 494 litteris
786 450 916 494 monere
944 427 1055 496 destiti

93 535 156 580 nec
169 523 328 582 *accusare
357 521 542 601 praesentes
566 518 633 581 eius
660 518 871 602 necessarios,
902 517 958 602 qui
986 517 1057 586 eius

94 603 265 688 cupiditati
288 605 459 691 suffragari
481 604 681 690 videbantur,
710 627 770 670 neo
793 607 827 669 in
851 610 965 670 senatu
988 628 1056 671 sce·

93 693 362 759 leratissimorum
385 693 593 760 consiliorum
618 694 726 759 fontes
754 696 877 779 aperire
901 693 1057 773 dubitavi,

94 803 156 846 nec
177 804 254 847 vero
277 784 344 848 ulla
365 783 400 848 in
423 805 457 848 re
480 783 612 848 memini
639 787 696 848 aut
719 787 867 848 senatum
889 783 1058 851 meliorem

94 873 154 934 aut
175 872 399 957 magistratus,
430 885 607 956 numquam
635 873 721 936 enim
747 872 783 936 in
804 871 928 937 honore
951 874 1058 935 extra-

95 959 258 1025 ordinario
286 960 427 1045 potentis
454 960 594 1025 hominis
622 961 673 1024 vel
699 960 916 1045 potentissimi
945 960 1057 1048 potius

95 1083 139 1094 —
163 1047 422 1133 quandoquidem
448 1049 595 1134 potentia
617 1049 682 1113 iam
705 1049 740 1112 iu
762 1048 794 1113 vi
821 1047 927 1133 posita
950 1052 1000 1112 est
1022 1051 1060 1112 et.

94 1136 195 1200 armis
217 1173 261 1200 .-
289 1137 418 1221 accidit,
448 1140 486 1202 ut
511 1158 606 1202 nemo
635 1136 783 1202 tribunus
811 1137 927 1222 plebis,
958 1159 1058 1202 nemo

95 1224 160 1290 alio
193 1225 401 1311 magistratu,
432 1247 527 1291 nemo
558 1225 703 1310 privatus
736 1229 849 1291 auctor
880 1226 1058 1290 exsisteret.

95 1311 160 1378 Sed
191 1315 227 1379 in
258 1314 320 1378 hac
351 1315 534 1380 constantia
566 1317 662 1400 atque
694 1314 812 1380 virtute
844 1318 915 1380 erat
944 1318 1057 1380 tamen

95 1402 236 1468 sollicita
250 1402 377 1468 civitas:
399 1403 564 1468 illudimur
577 1404 673 1488 enim,
694 1401 805 1487 Brute,
826 1408 896 1468 tum
916 1403 1055 1468 militurn

96 1491 228 1577 deliciis,
249 1496 321 1556 tum
342 1491 545 1576 imperatoris
558 1492 746 1557 insolentia:
768 1495 898 1557 tantum
920 1493 1059 1577 quisquo

95 1602 131 1645 se
163 1582 198 1645 in
229 1603 264 1644 re
295 1580 439 1665 publica·
456 1603 550 1665 posse
581 1581 752 1665 postulat,
771 1584 928 1665 quantum
956 1581 1056 1646 habet

95 1670 226 1753 virium,
255 1691 323 1734 non
346 1669 443 1754 ratio,
463 1691 532 1735 non
554 1669 683 1754 moduS,
709 1691 777 1735 non
799 1671 863 1755 lex,
885 1692 953 1735 non
975 1693 1055 1755 mos,

95 1780 165 1846 non
188 1758 331 1823 officium
353 1757 452 1842 valet,
483 1773 551 1824 non
573 1758 739 1844 iudicium,
770 1779 838 1824 non
860 1759 1054 1826 existimatio

96 1848 235 1931 civium,
246 1868 314 1911 non
334 1847 533 1932 posteritatis
546 1849 747 1912 verecundia.
773 1847 863 1913 Haec
877 1869 937 1933 ego
952 1850 1086 1916 multoc

96 1939 173 2001 ante
195 1935 395 2021 prospiciens
416 1936 583 2022 fugiebam
606 1958 644 2000 ex
664 1935 759 2000 Italia
781 1939 860 2018 tum,
883 1941 1055 2020 quum'mc

95 2028 278 2090 vestrorum
292 2024 469 2089 edictorum
488 2024 577 2087 fama
599 2023 769 2106 revocavit,
790 2023 965 2106 incitavisti
978 2046 1055 2090 vero

95 2119 132 2179 tu
156 2135 217 2198 me,
238 2111 349 2194 Brute,
370 2111 500 2194 Veliae3
524 2133 718 2195 quamquam
741 2111 827 2176 enim
850 2111 999 2176 dolebam
1021 2114 1057 2179 in

96 2225 169 2267 eam
191 2223 243 2266 me
257 2200 371 2264 urbem
382 2199 440 2280 ire,
462 2220 559 2283 quam
573 2203 610 2264 tu
626 2199 765 2285 fugeres,
788 2199 843 2284 qui
857 2221 928 2264 eam
941 2199 1055 2265 libera-

95 2292 213 2374 visses,
245 2287 332 2373 quod
354 2287 434 2352 mihi
457 2309 583 2372 quoque
607 2288 770 2371 quondam
793 2288 953 2352 acciderat
974 2290 1057 2373 peri-

96 2380 170 2446 culo
194 2377 300 2460 simili,
323 2397 399 2440 casu
420 2376 572 2460 tristiore,
594 2377 718 2460 perrexi
731 2379 841 2441 tamen
855 2375 1058 2462 Romamque-

95 2467 230 2554 perveni
252 2465 405 2548 nulloque
428 2465 588 2549 praesidio
604 2465 763 2549 quatefeci
777 2465 958 2530 Antonium
981 2488 1058 2532 con·

95 2561 212 2641 traque
244 2554 313 2618 eius
344 2575 434 2617 arma
459 2553 601 2617 nefanda
632 2554 805 2638 praesidia,
837 2575 918 2638 quae
946 2555 1059 2620 oblata

98 2641 178 2724 sunt'
198 2641 359 2724 Caesaris,
391 2642 525 2707 consilio
553 2645 586 2706 et
608 2642 799 2708 auctoritate
826 2643 964 2708 firmavi:
1000 2645 1060 2728 qui.

97 2735 126 2799 si
159 2731 286 2797 steterit
316 2730 401 2794 idem
433 2730 575 2813 mihique
606 2731 764 2815 paruerit,
801 2732 879 2796 satis
910 2732 1059 2798 videmur·

96 2821 241 2888 habituri
263 2818 427 2905 praesidii;
450 2819 501 2884 sin
515 2822 623 2884 autem
639 2819 812 2903 impiorum
827 2820 960 2884 consilia
982 2821 1056 2904 plus

96 2909 259 2977 valuerint
281 2931 378 2993 quam
401 2912 513 2975 nostra
536 2910 592 2972 aut
618 2907 820 2973 imbecillitas
850 2908 965 2974 aetatis
988 2929 1057 2978 non

96 2997 242 3084 potuerit
264 2998 456 3083 gravitatem
478 3017 586 3061 rerum
603 2998 768 3082 sustinere,
791 3017 864 3080 spes
879 2997 983 3062 omnis
1007 3001 1056 3062 est

96 3089 133 3152 in
155 3091 197 3152 te.
225 3085 440 3163 Quamobrem
463 3085 588 3169 advola,
609 3085 751 3169 obsecro,
775 3089 870 3169 atque
894 3106 965 3149 eam
987 3107 1055 3150 rem

96 3175 275 3261 publicam,
307 3195 403 3259 quarn
429 3174 547 3240 virtute
576 3178 671 3258 atque
701 3174 801 3237 animi
832 3174 1055 3258 magnitudine

97 3265 203 3350 magis
227 3284 324 3348 quam
347 3263 470 3328 eventis
492 3284 600 3326 rerum
622 3261 808 3345 liberavisti,
830 3261 917 3328 exitu
939 3263 1053 3327 libera:

98 3353 204 3418 omnis
231 3352 376 3418 omnium
398 3371 572 3416 concursus
595 3350 635 3415 ad
664 3354 696 3415 te
719 3350 848 3416 futurus
871 3353 928 3416 est.
972 3350 1087 3417 Hor-a

96 3445 168 3506 tare
190 3441 274 3505 idern
297 3461 356 3524 per
377 3441 502 3504 litteras
521 3436 680 3504 Cassium:
704 3461 776 3522 spes
798 3438 957 3503 libertatis
979 3461 1053 3503 nus·

97 3553 196 3614 quam
222 3529 287 3593 nisi
313 3530 349 3593 in
380 3531 560 3593 vestrorum
592 3531 770 3593 castrorum
801 3526 966 3612 principiis
996 3530 1053 3592 est.

97 3618 224 3685 Firmos
253 3618 385 3682 omnino
413 3619 446 3682 et
468 3617 564 3682 duces
590 3616 746 3682 habemur
770 3617 810 3682 ab
834 3616 998 3681 occidente
1021 3624 1057 3680 et
