2522 3960
394 1040 453 1127 M.
482 1043 703 1128 TULLII
726 1041 1065 1131 CICERONIS
1171 1051 1174 1056 ’

305 1183 743 1271 EPISTOLARUM,
768 1184 843 1260 AD
879 1185 1148 1263 Annlcun

544 1338 679 1407 LIBER
701 1338 903 1416 QUINTUS.

672 1517 780 1530 m

713 1635 740 1706 1.

245 1757 303 1835 Ser.
320 1757 472 1816 Minturnis
484 1758 600 1818 ineunte
617 1776 713 1816 manse
727 1759 803 1816 Maio
821 1761 897 1830 (ante
911 1759 1018 1832 Nonas)
1037 1778 1062 1817 a.
1072 1779 1099 1816 m
1109 1777 1133 1816 o.
1144 1767 1201 1818 too.

534 1883 663 1941 clonae
683 1883 817 1940 ATTICO
836 1883 912 1940 SAL.

217 2013 230 2055 1
311 1992 384 2080 Ego
406 2013 482 2058 voro
505 1995 540 2058 et
563 1995 658 2058 tuum
684 1992 720 2058 in
742 1992 884 2059 discessu
910 1993 976 2059 vidi
1003 1993 1149 2060 animum
1173 1997 1204 2060 et

244 2103 317 2148 meo
340 2103 413 2148 sum
433 2082 503 2166 ipse
524 2081 631 2165 testim
654 2103 717 2166 quo
731 2081 842 2166 magio
854 2081 916 2146 erit
936 2082 997 2146 tibi
1019 2082 1204 2167 videndum,

243 2191 286 2236 ne
309 2169 387 2254 quid
409 2170 487 2236 noui
501 2168 700 2253 decernatur,
721 2172 760 2234 ut
771 2168 835 2234 hoe
848 2173 996 2236 nostrum
1010 2170 1203 2236 desiderium

217 2276 285 2325 ane
307 2259 381 2344 pluo
405 2258 449 2324 sit
475 2279 628 2324 annuum.
673 2256 723 2322 De
745 2255 855 2323 Annio
879 2256 1054 2324 Saturnino
1082 2259 1211 2338 curasti·

242 2346 352 2431 probe.
400 2344 450 2412 De
482 2345 669 2412 satisdando
699 2366 775 2411 vero
807 2349 840 2410 te
871 2367 966 2431 rogo,
1006 2346 1112 2430 quoad
1140 2348 1201 2412 eris

242 2433 377 2518 Romae,
399 2437 436 2499 tu
458 2436 496 2498 ut
509 2433 654 2518 satisdes,
676 2436 710 2499 et
732 2436 809 2498 aunt
829 2434 953 2517 aliquot
975 2435 1201 2500 satisdationes

243 2521 420 2587 seeundum
450 2523 660 2606 mancipium,
700 2521 800 2587 veluti
830 2520 1080 2588 Mennianorum
1110 2545 1201 2606 prae-

243 2608 370 2674 diorum
396 2609 448 2674 vel
469 2608 698 2676 Atilianorum.
744 2608 794 2674 De
817 2608 921 2694 Oppio
950 2610 1074 2676 fautum
1096 2614 1146 2696 eat
1167 2617 1202 2676 ut

242 2697 338 2782 volui,
361 2700 395 2763 et
416 2699 553 2762 maxime
576 2698 662 2782 quod
675 2713 772 2763 occo.
787 2698 953 2782 aperuisti3
976 2719 1058 2783 quae
1072 2698 1201 2782 quidem

243 2805 304 2872 ego
327 2785 438 2871 utique
461 2787 512 2851 vel
534 2807 666 2852 versura
687 2785 776 2850 faeta
798 2785 880 2851 solvi
897 2786 981 2871 volo,
1003 2807 1045 2851 ne
1059 2789 1200 2852 extrema

215 2891 229 2933 a
243 2874 367 2939 exactio
381 2877 568 2940 noatrorum
580 2873 749 2940 nominum
763 2876 972 2958 exspectatum.
994 2872 1092 2940 Nune
1105 2875 1199 2940 venio

243 2961 284 3028 ad
306 2966 527 3027 transversum
547 2963 644 3027 illum
668 2965 827 3026 extremae
854 2962 1010 3047 epistolae
1032 2965 1108 3027 tuae
1130 2984 1199 3028 ver·

243 3051 393 3135 siculum,
419 3051 455 3115 in
478 3072 541 3135 quo
564 3069 616 3115 me
640 3050 793 3116 admones
823 3049 1007 3116 deserere:
1043 3071 1126 3135 quae
1147 3072 1199 3116 rea

243 3159 277 3204 se
305 3139 351 3205 sie
377 3137 486 3204 habet.
529 3137 577 3204 Ut
603 3139 678 3202 ueni
704 3137 740 3202 in
761 3136 918 3222 Anninus,
949 3160 1049 3223 quum
1075 3137 1117 3204 ad
1148 3161 1198 3205 me

241 3225 343 3292 frater
355 3227 506 3311 venisset,
527 3225 564 3291 in
585 3226 698 3310 primis
720 3226 815 3293 nobis
828 3247 943 3311 sermo,
964 3226 1056 3312 isque
1069 3228 1199 3315 multuo,

156 3333 165 3341 ·
243 3313 337 3380 dete
359 3315 436 3399 fuit,
458 3335 497 3379 ex
520 3335 584 3399 quo
608 3335 668 3399 ego
692 3314 766 3379 veni
789 3312 830 3379 ad
852 3335 904 3396 ea,
931 3335 1013 3398 quae
1035 3315 1198 3382 fueramus

242 3420 303 3486 ego
327 3405 361 3467 at
381 3406 419 3468 tu
440 3402 526 3468 inter
548 3423 609 3469 nos
632 3401 671 3467 de
694 3423 803 3467 sorore
825 3402 862 3466 in
880 3401 1064 3469 Tusculano
1088 3404 1199 3472 locuti:

311 3590 364 3660 np.
384 3597 412 3661 1,
428 3597 453 3648 a.
478 3593 709 3648 mammarum
728 3593 779 3662 (a,
798 3594 845 3666 ou
