2614 3972
235 220 493 280 EPISTOLARUM
510 223 560 280 In
577 224 740 281 Ausucum
758 225 818 281 XV.
838 231 915 282 6-9.
941 267 945 276 -
987 223 1054 290 553

530 439 622 505 VIII.

116 555 176 612 Scr.
194 556 225 612 in
243 557 402 615 Tusculano
420 559 494 616 inter
511 559 559 616 VI.
577 561 611 616 Κ.
630 564 660 617 et
676 559 709 618 K
729 547 824 616 lunias
842 575 867 617 a
885 577 912 616 u
931 577 955 618 c.
975 567 1035 618 ¹110.

369 663 519 722 01οΕΕο
535 666 686 723 ATTICO
703 665 787 724 SAL.

160 771 242 838 Post
271 776 364 840 tuum
395 774 571 842 discessum
597 777 692 844 binas
719 798 740 842 a
765 774 870 843 Balbo
898 811 941 824 -
970 775 1080 842 nihils

94 861 173 926 novi
186 861 385 948 -itemque
408 865 449 930 ab
463 863 581 948 Hirtio,
604 865 707 950 quise
723 865 836 931 scribit
847 865 1054 930 vehementer

93 949 254 1016 offensum
267 973 337 1018 esse
350 953 520 1020 veteranis.
546 953 724 1038 Exspectat
741 954 878 1037 animus,
900 953 1054 1039 quidnam

94 1059 192 1123 agam
205 1038 245 1104 de
253 1039 423 1106 Kalendis:
438 1042 512 1108 misi
524 1042 625 1128 igitur
635 1042 786 1108 Tironem
801 1046 834 1108 et
847 1063 921 1108 cum
934 1041 1054 1108 Tirone

92 1128 214 1212 plures,
236 1129 352 1214 quibus
375 1129 522 1217 singulis,
543 1134 581 1197 ut
600 1131 740 1216 quidque
763 1129 938 1215 accidisset,
961 1131 1055 1196 dares

92 1215 234 1301 litteras,
262 1221 359 1302 atque
381 1219 479 1284 ctiam
502 1219 616 1304 scripsi
637 1220 679 1285 ad
701 1218 883 1288 Antonium
905 1218 945 1284 de
967 1219 1054 1304 lega·

93 1303 195 1389 tione,
216 1326 273 1389 ne,
295 1306 322 1372 si
345 1307 386 1372 ad
408 1306 613 1374 Dolabellam
635 1309 740 1374 solum
762 1307 971 1394 scripsissem,
991 1308 1055 1372 ira·

94 1392 221 1458 candus
242 1393 341 1461 homo
365 1400 633 1482 commoveretur3
656 1397 742 1482 quod
761 1402 869 1462 autem
892 1397 998 1462 aditus
1012 1395 1055 1462 ad

93 1503 170 1546 eum
192 1481 354 1549 difficilior
376 1505 446 1549 csse
468 1485 598 1570 dicItur,
625 1485 738 1571 scripsi
765 1485 807 1550 ad
833 1483 1056 1571 Eutrapelum,

92 1573 133 1634 ut
153 1571 183 1634 is
206 1571 236 1634 ei
258 1592 346 1637 meus
368 1573 494 1639 litterae
515 1572 671 1659 redderet,
692 1574 856 1660 legatione
868 1573 950 1640 mihi
972 1595 1054 1659 opus

94 1679 175 1724 esse.
219 1657 397 1728 Honestior
424 1665 474 1728 est
501 1664 624 1748 votiva,
654 1662 711 1730 sed
740 1663 816 1730 licet
837 1663 886 1729 uti
908 1665 1053 1748 utraque.

93 1745 146 1811 De
167 1749 210 1830 te,
233 1769 362 1834 quaeso,
384 1752 482 1816 etiam
496 1754 593 1836 atque
607 1751 705 1816 etiam
718 1752 807 1818 vide:
829 1751 927 1832 velim
948 1751 1083 1836 possiss

95 1856 220 1920 coram,
244 1836 410 1923 siminus,
432 1840 549 1906 litteris
571 1840 657 1905 idem
680 1861 921 1926 consequemur.
956 1835 1053 1905 Grae·

94 1923 183 1990 ceius
220 1925 260 1990 ad
292 1948 343 1992 me
379 1928 508 2014 scripsit
539 1925 574 1996 O.
606 1925 753 1994 Cassium
789 1928 852 1993 sibi
887 1927 1053 2012 scripsisse

93 2011 245 2080 homines
267 2017 456 2100 comparari,
478 2017 534 2103 qui
556 2017 672 2082 armati
689 2016 725 2081 in
739 2015 958 2082 Tusculanum
980 2015 1053 2081 mit-

94 2105 255 2168 terentur:
277 2103 311 2169 id
334 2105 463 2188 quidem
485 2104 565 2170 mihi
587 2105 637 2146 **
660 2104 838 2190 videbatur,
860 2102 917 2169 sed
940 2124 1054 2168 careu-

95 2188 176 2254 dum
197 2195 305 2257 tamen
326 2193 485 2279 uillaeque
511 2194 620 2278 plures
641 2192 802 2260 visendae.
848 2189 910 2258 Sed
933 2191 1054 2278 aliquid

96 2278 256 2344 mastinos
278 2280 347 2346 dies
369 2281 411 2348 ad
433 2281 642 2369 cogitandum
664 2282 759 2348 nobis
781 2282 803 2361 †
825 2281 911 2346 dare.
965 2339 969 2346 ,

545 2475 604 2543 ΙΧ.

137 2591 195 2649 Sor.
213 2593 244 2648 in
261 2594 419 2652 Tusculano
438 2612 464 2652 a.
482 2596 510 2654 d.
527 2597 575 2653 IV.
593 2596 690 2653 Nonas
708 2597 803 2653 Iunias
820 2613 845 2652 a
864 2614 891 2652 n.
909 2612 934 2653 a
953 2602 1013 2653 ¹110.

369 2700 518 2759 OIOERO
535 2701 687 2760 ATTICO
703 2702 788 2759 SAL.

162 2825 222 2874 1111.
236 2807 321 2876 Non.
343 2811 469 2898 vesperi
492 2833 512 2876 a
533 2807 637 2888 Bulbo
660 2812 802 2878 redditae
825 2811 906 2877 mihi
925 2812 1080 2877 litteraer

95 2894 166 2961 fore
189 2895 294 2964 Nonis
316 2903 474 2986 senatum,
495 2902 534 2966 ut
553 2899 674 2967 Brutus
695 2900 732 2988 in
753 2901 843 2987 Asia,
865 2897 995 2966 Cassius
1017 2900 1053 2965 in

166 3067 219 3142 Ep.
237 3078 263 3141 8,
284 3080 307 3128 1.
338 3077 468 3143 mcccc.-
491 3075 525 3130 de
542 3089 574 3130 co
591 3091 630 3142 rc,
646 3091 671 3146 q.
690 3071 775 3144 (W.)?
807 3081 834 3133 2.
871 3073 1016 3140 dminus,
1033 3073 1052 3129 Ι.

96 3137 169 3209 (ws.
201 3142 246 3196 An
263 3158 289 3197 a
305 3160 340 3199 m.
383 3147 480 3211 oreo,
497 3145 515 3201 z.
541 3143 626 3215 (woa
656 3146 683 3200 a·
699 3162 734 3200 m.
748 3145 849 3214 ross,
866 3143 884 3200 1·
903 3144 998 3214 vulso·
1015 3173 1053 3185 -

96 3211 164 3266 aas
181 3210 227 3250 *r
244 3214 298 3269 erc.
318 3214 357 3282 (u
392 3215 412 3270 1.
440 3216 519 3283 οι»,
536 3215 599 3285 wo.
627 3233 662 3271 m.
680 3217 730 3270 vix
745 3216 805 3284 tore
822 3232 847 3269 v·
866 3216 917 3270 auc
933 3231 968 3269 m·
986 3214 1008 3282 f·
1025 3229 1052 3270 v·

95 3281 150 3336 vid.
169 3282 218 3351 (W
219 3305 239 3350 .;
253 3301 288 3339 m.
297 3286 378 3341 oisc.
395 3258 506 3355 Idlotz.).
520 3316 555 3328 -
568 3287 702 3370 uillaeque
713 3287 770 3355 (a).
788 3291 820 3340 at
833 3287 898 3342 illoc
910 3301 980 3368 w
996 3284 1052 3354 ΖΕ,

94 3358 145 3419 au,
164 3369 196 3422 c,
213 3366 245 3420 ψ.
272 3357 404 3436 ῂιιζῖίῑσ
420 3373 471 3426 que
489 3355 583 3436 mua.
612 3389 645 3400 -
672 3357 799 3414 macae
817 3357 893 3480 (Ψᾶ).
919 3356 1055 3410 cudendae

63 3498 72 3510 ·
92 3420 317 3571 duffi'Binoobis
334 3435 438 3575 adscit
454 3423 857 3576 ἐῠθὲαᾱὲἕᾞῗαᾞῶς
875 3427 1049 3554 zodakiensi

91 3553 139 3624 lu).
156 3572 185 3612 ra
204 3557 283 3614 dabo
300 3559 343 3632 E,
360 3563 451 3619 Uram.
469 3578 498 3619 rc
516 3563 584 3620 dore
596 3564 744 3633 pelleretur
760 3565 782 3621 L
