2590 3964
227 184 291 248 104
507 184 545 238 M.
564 181 688 240 TULLII
704 183 897 240 GIOERONIS

193 329 317 431 rfratri
337 328 466 430 placere
488 349 606 430 -,.a·n
624 326 924 431 obeamb'yzicum.
960 327 1183 430 Nune-Porn-

221 437 499 590 t'iitniffi
511 417 1185 590 cursuscursus

221 594 287 660 silii
309 593 454 659 decreras
477 597 535 660 aut
560 597 593 657 te
619 594 701 659 nihil
723 594 796 678 plus
818 593 900 658 mihi
922 593 1052 674 debere,
1082 613 1184 678 quarn

221 686 259 747 ut
272 686 401 767 praesto
413 703 511 767 ceses,
534 683 748 767 quoniamque
763 701 827 767 ego
841 681 998 766 proditus,
1019 681 1186 768 inductus,

221 771 386 837 coniectus
408 770 445 835 in
465 771 613 836 fraudem
635 771 745 836 omnia
767 791 840 835 mea
861 770 1021 854 praesidia
1043 772 1187 856 neglexi,

220 862 326 924 totam
339 858 469 924 Italiam
482 860 504 939 †
516 859 552 924 in
570 879 622 924 me
644 861 784 924 erectam
807 857 848 922 ad
869 879 921 922 me
944 858 1184 924 defendendum

219 947 354 1013 destitui
376 951 410 1012 et
422 946 545 1032 reliqui,
568 968 619 1011 me
641 967 793 1031 meosque
806 947 887 1012 meis
900 945 1019 1012 tradidi
1040 946 1187 1012 inimicis

220 1036 424 1122 inspectante
446 1040 481 1102 et
501 1039 629 1100 tacente
651 1039 699 1120 te,
719 1035 789 1120 qui,
811 1035 839 1099 si
860 1055 929 1100 nou
950 1036 1024 1119 plus
1046 1036 1184 1120 ingenio

221 1125 352 1190 valebas
370 1137 473 1209 'quam
495 1145 571 1211 ego,
602 1127 687 1189 certe
713 1123 850 1226 timebas
877 1123 999 1225 minus,
1026 1123 1055 1225 si
1076 1127 1187 1208 potes,

221 1213 1185 1385 ἰῗῶἓῖἓῗῖἒῖρῖξέεὲἕηῖἓὲἐζξέ.ἲῖοὲἪῲἛὲ

221 1393 279 1454 aut
314 1389 486 1474 obiurgare
521 1391 579 1453 cut
615 1389 828 1454 communiter
864 1388 1024 1454 consolari
1058 1387 1185 1454 desine.

220 1476 294 1564 Ego
316 1478 343 1542 si
365 1480 455 1542 tuam
477 1477 574 1542 fidem
596 1496 788 1560 accusarem,
810 1495 878 1542 non
900 1497 952 1541 me
973 1476 1185 1561 potissimum

220 1567 287 1630 tuis
309 1566 403 1630 tectis
426 1565 600 1630 crederem:
622 1585 727 1630 meam
747 1564 923 1630 amentiam
943 1585 1070 1649 accuso,
1092 1565 1185 1649 quod

221 1657 296 1719 ate
318 1657 448 1718 tantum
475 1654 589 1737 amam,
621 1657 778 1737 quantum
806 1673 866 1738 ego
894 1653 1022 1737 vellem,
1052 1655 1185 1737 puteri3
1290 1663 1291 1738 ᾗ

221 1741 308 1826 quod
331 1742 359 1807 si
380 1742 508 1827 fuisset,
529 1743 625 1807 fidem
648 1740 791 1826 eandem,
814 1747 924 1805 curam
946 1742 1101 1806 maiorem
1124 1743 1183 1806 ad-
1290 1763 1291 1810 t

220 1829 389 1915 hibuisses,
411 1851 463 1895 me
487 1834 572 1896 certe
595 1830 636 1894 ad
660 1828 793 1894 exitium
814 1829 1082 1913 praecipitantem
1103 1831 1184 1894 reti·
1290 1845 1291 1850 ’

220 1919 361 1996 nuisses,
396 1919 477 1985 istos
512 1919 654 2001 labores,
689 1939 770 2002 quos
805 1937 893 1982 nunc
928 1919 964 1982 in
999 1917 1184 2003 naufragiis

193 2008 342 2073 anostris
365 2008 510 2092 suscipis,
531 2029 600 2072 non
623 2006 771 2070 subisses.
808 2005 913 2081 Quare
935 2006 996 2091 fao,
1018 2009 1056 2070 ut
1068 2007 1184 2071 omnia

221 2097 262 2160 ad
285 2118 337 2161 me
358 2100 528 2182 perspecta
550 2099 583 2160 et
605 2094 772 2178 explorata
794 2094 973 2178 perscribas
996 2115 1119 2178 meque,
1142 2099 1184 2159 ut

219 2185 315 2269 facis,
342 2185 421 2250 velis
443 2205 514 2249 esse
537 2184 690 2268 aliquem,
721 2182 887 2266 quoniam,
919 2183 975 2266 qui
996 2182 1045 2247 fui
1067 2186 1102 2245 et
1123 2183 1182 2266 qui

221 2294 289 2337 esse
312 2274 418 2357 potui,
441 2273 506 2338 iam
528 2293 598 2337 esse
621 2292 688 2336 non
709 2291 852 2355 possum,
874 2273 907 2334 et
928 2273 966 2335 ut
987 2270 1039 2334 hie
1061 2270 1180 2336 litteris

219 2380 288 2425 non
310 2364 353 2445 te,
375 2360 431 2425 sed
455 2381 506 2424 me
528 2361 635 2444 ipsum
657 2381 678 2422 a
700 2381 751 2422 me
774 2379 843 2424 esse
866 2361 1051 2423 accusatu-m
1074 2362 1180 2442 putes.

221 2444 256 2510 Si
279 2447 335 2530 qui
357 2450 467 2529 erunt,
499 2449 615 2531 quibus
636 2450 732 2530 putes
753 2468 836 2530 opus
859 2467 929 2511 esse
951 2465 1023 2511 meo
1045 2447 1180 2512 nomine

219 2534 345 2599 litteras
384 2534 466 2618 dari,
501 2535 599 2600 velim
635 2533 819 2598 conscribas
856 2555 1010 2618 curesque
1043 2534 1179 2599 dandas.

219 2621 307 2686 Data
329 2639 411 2687 xm1.
434 2621 506 2686 Kal.
530 2620 616 2705 Sept.

656 2779 745 2844 XVI.

220 2882 279 2971 Sor.
300 2883 516 2940 Thessalonicae
539 2883 598 2938 XII.
617 2881 759 2938 Kalendas
783 2881 961 2952 Septembres
984 2898 1009 2937 a
1027 2899 1054 2936 n.
1073 2899 1097 2938 c.
1118 2890 1178 2939 696.

512 2970 641 3026 CICERO
659 2969 793 3026 ATTICO
813 2969 890 3026 SAL.

287 3081 406 3146 Totum
419 3080 481 3146 iter
494 3080 573 3144 mihi
587 3081 745 3143 incertum
758 3078 838 3142 facit
848 3078 1043 3163 exspectatio
1056 3079 1179 3144 littera-

219 3161 291 3233 rum
313 3173 493 3234 vestrarum
515 3168 587 3232 Kal.
613 3165 721 3232 Sextil.
745 3167 909 3230 datarum:
940 3187 1026 3251 nam,
1049 3167 1078 3231 si
1105 3187 1179 3253 spes

290 3305 342 3375 Ep.
363 3311 405 3374 15,
425 3311 449 3361 ’1.
482 3306 600 3360 Italiam
617 3311 635 3372 †
653 3307 686 3359 ira
702 3321 743 3359 mc
761 3319 797 3360 cr.
817 3304 894 3374 (On).
914 3303 941 3358 Ι,
960 3306 1017 3359 iam
1034 3319 1071 3360 cr.
1090 3305 1179 3374 (Or.)t

219 3374 247 3428 I.
267 3390 303 3429 er.
324 3375 430 3444 (Ern.)?
458 3376 487 3431 I.
507 3376 551 3447 [in
567 3377 619 3446 nic]
638 3393 675 3430 cr.
694 3376 724 3429 B.
751 3405 785 3416 -·
813 3376 1056 3430 catecumenos
1074 3375 1179 3446 (uer,

217 3445 315 3499 Ambr.
337 3453 378 3512 16,
398 3449 449 3516 aa).
478 3452 528 3501 aar
546 3449 655 3502 comiter
673 3447 698 3518 β,
717 3446 745 3514 1.,
763 3445 795 3500 Β.
818 3473 855 3486 -
881 3446 953 3515 qaod
971 3461 990 3500 a
1007 3451 1032 3500 tc
1050 3451 1068 3500 t.
1088 3448 1181 3502 amori

218 3515 335 3584 (vulgo).
355 3533 379 3584 q.
398 3533 439 3571 me
457 3533 475 3571 o
493 3522 518 3572 te
536 3521 554 3572 t.
573 3535 599 3572 a.
620 3517 698 3586 (cl.)?
719 3533 744 3586 q.
764 3534 782 3572 a
800 3521 825 3571 tc
843 3521 861 3570 t.
880 3533 921 3572 nte
938 3535 964 3572 c.
984 3515 1039 3586 Or„
1057 3517 1088 3572 Β.
