2582 3980
257 265 516 323 EPIS'I'OLARUM
534 267 583 322 AD
602 267 755 324 BRUTUM
773 270 794 323 1.
813 274 839 324 4.
856 273 881 324 ὃ.
984 267 1048 333 617

550 481 592 548 V.

462 604 504 672 (A.
523 621 550 658 u.
569 619 593 659 c.
613 605 684 674 ⁷11.)

389 706 518 764 munao
538 707 659 766 BRUTO
679 707 754 765 SAL.

154 815 198 882 A.
215 815 245 882 d.
259 835 290 882 v.
304 815 344 882 K.
367 815 481 903 Maias,
504 839 603 904 quum
626 819 665 883 dc
688 819 737 902 iis,
761 819 816 903 qui
837 817 947 884 hostes
969 817 1077 884 iudi-1

85 906 153 971 cati
179 910 270 990 sunt,
298 905 383 972 bello
406 907 636 992 persequendis
659 907 838 972 sententiae
862 907 1052 991 dicerentur,

85 993 172 1058 dixit
187 992 340 1060 Servilius
364 996 462 1060 etiam
485 995 524 1059 de
538 994 692 1061 Ventidio
717 1000 749 1061 et
771 999 809 1060 ut
829 994 958 1061 Cassius
982 1017 1052 1079 per-

87 1086 279 1168 sequeretur
305 1081 522 1167 Dolabellam3
553 1084 605 1148 cui
637 1107 736 1170 quum
763 1105 866 1150 essem
894 1105 1053 1167 assensus,

87 1171 220 1237 decrevi
241 1171 305 1237 hoc
327 1172 478 1256 amplius,
501 1175 539 1236 ut
560 1175 610 1256 tu,
633 1174 661 1237 si
684 1173 875 1238 arbitrarere
898 1173 977 1238 utile
1001 1194 1052 1236 ea·

87 1282 152 1344 que
176 1282 212 1325 re
235 1259 365 1344 publiea
388 1282 468 1344 esse,
488 1282 715 1348 persequerere
736 1262 821 1327 bello
841 1259 1053 1344 Dolabellam,

88 1349 117 1414 si
150 1349 261 1414 minus
292 1345 325 1413 id
353 1349 520 1414 commodo
550 1350 598 1415 rei
628 1350 776 1434 publicae
807 1349 913 1415 facere
940 1371 1052 1434 posses

89 1437 159 1502 sive
183 1458 252 1502 non
274 1437 472 1502 existimares
495 1459 534 1502 ex
561 1460 595 1502 re
618 1439 747 1523 publica
770 1459 853 1522 esse,
883 1441 921 1502 ut
942 1438 978 1502 in
999 1438 1053 1502 iis-

89 1525 166 1590 dem
190 1525 270 1591 locis
284 1525 458 1590 exercitum
472 1526 668 1592 contineres:
691 1527 773 1590 nihil
786 1526 1053 1592 honorificentius

88 1613 202 1698 potuit
223 1614 328 1680 facere
352 1617 493 1698 senatus,
516 1636 613 1699 quam
626 1618 664 1679 nt
678 1619 771 1680 tuum
786 1619 871 1680 esset
892 1615 1054 1699 iudicium,

90 1701 170 1786 quid
194 1702 331 1767 maxime
355 1702 532 1768 conducere
554 1704 601 1768 rei
626 1703 774 1788 publicae
801 1704 862 1768 tibi
884 1703 1054 1769 videretur.

89 1789 254 1875 Equidem
278 1791 324 1855 sic
347 1791 466 1876 sentio,
488 1793 516 1856 si
537 1814 671 1858 manum
692 1791 807 1877 habet,
829 1793 857 1857 si
880 1796 995 1876 castra,
1017 1791 1055 1876 si,

90 1879 150 1944 ubi
183 1879 348 1964 consistat,
379 1879 507 1964 uspiam
533 1879 717 1965 Dolabella,
748 1881 789 1945 ad
820 1881 917 1946 fidem
949 1884 983 1945 ct
1013 1881 1054 1944 ad

92 1968 288 2054 dignitatem
311 1971 400 2033 tuam
422 1969 583 2052 pertinere
607 1990 680 2033 eum
701 1970 858 2053 persequi.
885 1968 934 2034 De
952 1966 1080 2033 Cassii*

91 2056 200 2122 nostri
231 2056 331 2139 copiis
362 2055 445 2119 nihil
477 2056 656 2120 sciebamus
687 2093 731 2102 —-
758 2076 862 2139 neque
894 2055 981 2120 enim
1013 2056 1054 2120 ab

91 2145 167 2229 ipso
199 2144 284 2207 ullae
320 2143 446 2208 litterae
482 2165 587 2227 neque
622 2144 836 2208 nuntiabatur
871 2145 1055 2229 quidquam,

93 2230 183 2316 quod
206 2252 265 2316 pro
289 2234 376 2295 certo
398 2231 590 2296 haberemus
604 2256 661 2315 -3
684 2235 805 2316 quanto
827 2252 924 2316 opere
947 2237 1055 2297 autem

92 2320 225 2385 intersit
239 2319 376 2404 opprimi
390 2317 601 2404 Dolabellam,
619 2321 764 2404 profecto
778 2321 943 2406 intelligis,
956 2342 1055 2405 quum

93 2413 135 2473 nt
161 2409 289 2473 sceleris
315 2429 438 2492 poenas
469 2409 645 2494 persoluat,
675 2412 746 2474 tum
772 2430 814 2474 ne
842 2410 898 2493 sit,
929 2430 993 2493 quo
1021 2431 1054 2474 se

93 2497 260 2562 latronum
283 2496 379 2561 duces
394 2517 433 2562 ex
445 2495 625 2562 Mutinensi
645 2497 725 2583 fuga
739 2497 916 2563 conferant.
947 2495 1054 2581 Atque

94 2586 159 2651 hoc
181 2584 262 2650 mihi
283 2585 349 2650 iam
372 2587 447 2650 ante
474 2585 633 2669 placuisse
659 2589 753 2670 potes
776 2586 1055 2671 exsuperioribus

95 2674 177 2739 meis
207 2674 324 2739 litteris
355 2672 530 2739 recordari:
567 2696 761 2759 quamquam
792 2679 862 2740 tum
894 2678 929 2740 et
957 2676 1055 2761 fugae

95 2766 211 2846 portus
239 2766 309 2828 erat
335 2761 371 2826 in
397 2762 462 2828 tuis
490 2763 604 2827 castris
627 2767 660 2828 et
682 2763 860 2829 subsidium
884 2764 998 2828 salutis
1020 2765 1055 2828 in

96 2853 154 2916 tuo
182 2852 340 2935 exercitu,
371 2872 434 2934 quo
462 2851 567 2936 magis
593 2870 681 2916 nunc
711 2851 853 2935 liberati,
883 2854 921 2915 nt
952 2872 1056 2935 spero,

96 2939 248 3022 periculis
283 2940 318 3004 in
350 2938 521 3006 Dolabella
555 2940 764 3024 opprimendo
801 2939 951 3025 occupati
986 2957 1077 3004 esse‘

97 3026 258 3093 debemus.
305 3025 367 3093 Sed
404 3027 467 3094 hoc
504 3023 661 3114 cogitabis
688 3027 897 3114 diligentius,
933 3030 1056 3093 statues

98 3116 273 3201 sapienter:
296 3114 395 3181 facies
416 3138 488 3201 nos,
510 3116 588 3202 quid
610 3116 816 3184 constitueris
830 3115 953 3200 etquid
967 3136 1056 3201 agas,

98 3204 126 3268 si
147 3204 208 3269 tibi
230 3203 404 3288 ridebitur,
436 3205 597 3273 certiores.
642 3199 828 3271 Ciceronem
850 3206 999 3270 nostrum
1021 3204 1083 3269 in⁸

97 3296 240 3358 vestrum
263 3293 435 3378 collegium
457 3293 603 3378 cooptari
624 3293 708 3358 volo.
741 3291 900 3357 Existimo
923 3292 1056 3357 omnino

98 3380 281 3446 absentium
290 3382 450 3446 rationem
459 3382 662 3447 sacerdotum
673 3380 811 3446 comitiis
825 3401 921 3465 posse
930 3379 1057 3463 haberi3

99 3470 295 3536 nemetiam
321 3465 522 3535 iactum'est
548 3473 659 3535 antea:
690 3467 789 3534 Gaius
817 3469 903 3534 enim
925 3467 1058 3552 Marius,

168 3605 221 3678 Ep.
242 3613 267 3677 ὁ,
287 3613 311 3662 2.
330 3607 385 3662 Sed
401 3607 451 3662 boe
467 3607 600 3677 capitatis
617 3607 691 3677 (W).
710 3606 739 3662 S.
757 3607 824 3662 hoec
840 3623 862 3662 c.
881 3606 976 3678 vulgo.
