2594 3976
202 257 462 314 emsroulnun
479 252 532 312 ln
548 257 711 314 eunoun
728 257 802 314 mv.
824 264 936 315 15-17.
981 254 1046 323 529

83 403 218 488 quidem
248 403 376 467 uidetur
406 401 529 468 Brutus
564 407 677 468 noster
710 404 775 468 iam
811 405 863 468 vel
895 425 1047 470 coronam

84 511 219 556 auream
246 513 304 576 per
330 491 437 556 forum
464 492 548 556 ferre
574 510 682 576 posse,
714 493 800 578 quis
816 493 901 558 enim
930 493 1048 557 audeat

85 579 214 645 laedere
236 581 404 664 proposita
427 599 519 668 cruce
543 585 708 664 aui‘sexo,
733 582 923 665 praeseriim
946 581 1046 646 tentis

85 669 264 753 plausibus,
286 672 380 733 lenia
394 669 627 753 approbatione
641 668 847 734 infimorum?
874 669 979 752 Nunc,
1001 671 1046 734 mi
1060 686 1076 724 3

87 756 211 841 Attice,
242 777 294 822 me
325 757 380 821 fac
410 761 448 822 ul
476 758 640 844 expedias:
677 759 785 844 cupio,
816 779 916 843 quum
943 757 1046 823 Bruto

84 849 202 910 nostro
225 845 348 910 affatim
371 845 594 932 satisfecerim,
625 866 790 912 excurrere
814 848 849 910 in
871 845 1047 912 Graeciam.

85 935 203 1020 Magni
233 935 368 998 inierest
395 932 557 1000 Ciceronis
589 936 640 1000 uel
670 955 743 1000 mea
769 936 878 1020 potius
904 937 956 1021 uel
982 955 1047 999 me·

86 1023 218 1088 hercule
260 1023 427 1107 utriusque
463 1045 514 1088 me
550 1025 744 1089 intervenire
781 1024 931 1109 discenti3
970 1045 1047 1088 nam

88 1112 228 1196 epistola
242 1111 414 1197 Leonidae,
436 1127 533 1196 quam
556 1113 597 1176 ad
620 1133 670 1176 me
693 1113 818 1197 misisti,
841 1113 917 1198 quid
939 1111 1048 1197 habet,

85 1220 223 1284 quaeso,
251 1201 373 1284 inquo
396 1220 516 1286 magno
540 1223 635 1286 opere
657 1201 836 1268 laetemur?
871 1214 1047 1285 numquam

87 1289 143 1354 ille
167 1289 248 1353 mihi
270 1289 349 1353 satis
372 1289 497 1354 laudari
519 1289 691 1374 videbitur,
713 1309 813 1375 quum
835 1291 881 1356 ita
903 1289 1048 1355 laudabi-

86 1382 158 1442 tur:
194 1377 373 1462 „quomodo
409 1396 497 1442 nunc
528 1377 609 1443 esl“:
646 1399 713 1444 non
742 1383 795 1444 esi
825 1379 953 1444 fidentis
984 1379 1048 1444 hoe

86 1467 325 1552 testimonium,
357 1466 413 1532 sed
448 1467 556 1551 polius
586 1467 741 1532 timentis.
785 1465 908 1533 Herodi
939 1471 1046 1534 autem

87 1555 293 1638 mandaram,
324 1558 362 1620 ui
388 1555 468 1619 mihi
494 1549 577 1619 κατὰ
609 1559 705 1639 μίτον
737 1557 903 1640 scriberet,
937 1579 956 1621 a
983 1577 1046 1641 quo

88 1644 196 1708 adhuc
218 1644 309 1708 nulla
330 1644 440 1708 littera
462 1648 522 1708 esi:
555 1663 680 1730 vereor,
710 1666 752 1709 ne
778 1646 861 1710 nihil
888 1645 1047 1728 habuerit,

88 1732 177 1816 quod
208 1732 301 1816 mihi,
338 1753 437 1816 quum
469 1752 672 1820 cognossem,
707 1735 882 1799 iucundum
917 1737 1048 1818 puiarel

87 1822 169 1886 fore.
206 1819 299 1897 Quod
323 1821 363 1885 ad
386 1820 555 1886 Xenonem
579 1822 744 1907 scripsisii,
765 1824 858 1888 valde
881 1823 962 1888 mihi
976 1837 1076 1908 gra-4

86 1914 161 1974 ium
185 1913 246 1992 esi,
275 1909 357 1974 nihil
380 1911 466 1974 enim
489 1910 598 1975 deesse
621 1909 767 1976 Ciceroni
790 1935 890 1996 quum
913 1912 953 1976 ad
977 1911 1046 1976 effi·

86 1999 185 2081 cium,
207 2001 277 2062 tum
292 1998 332 2062 ad
346 1999 615 2064 exisiimationcm
631 2021 736 2064 meam
757 2001 906 2084 pcrtinei.
942 1999 1046 2064 Flam·

87 2107 177 2151 mam
197 2085 393 2152 Flaminium
415 2087 511 2152 audio
524 2086 647 2152 Romae
669 2107 752 2152 esse:
775 2088 816 2151 ad
839 2109 912 2153 eum
935 2088 1048 2172 scripsi

88 2197 141 2240 me
164 2175 224 2239 ribi
247 2175 417 2242 mandasse
443 2175 660 2260 per'lilleras,
692 2180 730 2240 ui
756 2175 794 2240 de
817 2175 966 2242 Montani
993 2198 1048 2241 ne·

86 2263 181 2350 gotio
206 2285 278 2328 cum
301 2285 339 2329 eo
361 2264 541 2349 loquerere,
572 2269 606 2328 el
631 2264 728 2330 uelim
755 2285 846 2330 curos
869 2265 1048 2350 epistolam,

87 2374 189 2436 quam
212 2353 349 2416 adeum
371 2353 454 2438 misi,
476 2353 679 2437 reddendam,
702 2357 735 2418 ei
754 2354 832 2438 ipse,
855 2354 940 2438 quod
963 2375 1046 2419 com-

88 2441 188 2506 modo
210 2445 267 2506 'ruo
290 2439 357 2525 fiai,
379 2462 452 2506 cum
474 2461 513 2507 eo
534 2442 729 2528 colloquare:
751 2448 840 2527 puio,
863 2441 990 2528 si-quid
1012 2443 1046 2507 in

87 2529 222 2595 homine
245 2530 377 2614 pudoris
397 2533 455 2615 esi,
477 2533 715 2616 praestaturum
729 2553 811 2615 cum,
832 2551 874 2596 ne
889 2553 960 2598 sero
974 2553 1047 2597 cum

89 2619 210 2684 damno
243 2619 450 2703 dependalur.
504 2619 554 2684 De
585 2619 709 2704 Attica,
749 2623 936 2706 pergratum
967 2621 1047 2685 mihi

87 2707 205 2790 fecisti,
228 2705 314 2792 quod
328 2707 457 2794 curasti,
478 2711 607 2772 utente
630 2709 744 2775 scirem
766 2714 935 2776 recleesse
950 2731 1046 2795 quam

87 2817 159 2863 non
181 2795 264 2862 belle
285 2796 395 2862 fuisse.

517 2989 623 3058 XVII.

125 3109 184 3166 Sor.
203 3110 234 3166 in
252 3109 422 3182 Pompeiano
440 3127 465 3166 a.
484 3111 510 3167 d.
530 3111 576 3168 IV.
595 3111 692 3167 Nonas
709 3111 800 3167 Maias
819 3129 843 3167 a.
862 3129 888 3167 u.
908 3129 931 3168 o.
950 3116 1011 3169 ⁷10.

361 3216 510 3276 CICERO
527 3215 677 3272 ΑΤΤΙΟΟ
695 3216 778 3274 SAL.

156 3325 198 3390 In
228 3323 460 3410 Pompeianum
491 3327 566 3392 veni
592 3344 624 3391 v.
653 3325 766 3392 Nonas
798 3326 916 3412 Maias,
948 3338 1073 3412 quuml

89 3413 206 3500 pridie,
237 3417 393 3481 uiantes
417 3413 457 3480 ad
484 3417 517 3480 ie
547 3415 673 3501 scripsi,
705 3415 820 3482 Piliam
842 3417 877 3482 iu
901 3413 1045 3482 Cumano

160 3605 213 3675 Ep.
234 3611 276 3674 16,
294 3611 319 3662 4.
338 3609 407 3662 reolo
423 3607 449 3662 ei
466 3619 521 3663 caso
537 3605 622 3677 (er

143 3694 258 3736 cloarcius
276 3695 339 3746 apua
352 3695 385 3737 II.
841 3697 876 3752 34
