2574 3966
239 239 496 298 EPISTOLABUM
513 243 563 298 AD
582 243 745 300 ATTIOUM
763 245 823 301 ΧΠ.
843 251 956 302 24-2‘1.
1005 244 1070 308 437

537 457 658 524 XXVI.

275 575 333 634 Ser.
347 577 468 634 Asturae
485 595 581 634 mense
598 579 701 635 Martio
719 596 743 634 a.
763 597 790 636 a.
809 597 833 636 a
853 587 913 638 tta.

389 683 537 740 OIGERO
554 685 705 742 ATTICO
723 685 807 741 Sam

182 788 287 875 Sicca,
317 795 355 856 ut
382 793 506 876 scribit,
537 793 662 858 etiamsi
689 795 771 859 nihil
798 793 973 862 confecerit
1000 812 1097 861 euml

102 877 155 944 A.
179 877 272 964 Silio,
303 883 414 944 tamen
441 903 475 946 se
501 881 613 946 scribit
638 901 670 948 x.
697 883 770 950 Kal.
796 905 866 949 esse
892 887 1073 949 venturum.

104 967 192 1032 Tuis
216 969 480 1052 occupationibus
492 969 626 1055 ignosco
641 993 759 1057 eaeque
778 973 858 1038 mihi
872 977 948 1038 sunt
961 977 1072 1037 notae:

106 1056 154 1120 de
176 1057 344 1122 voluntate
365 1062 432 1142 tua,
455 1061 492 1123 ut
514 1057 609 1123 simul
631 1061 741 1144 simus,
761 1062 812 1126 vel
835 1060 941 1126 studio
964 1061 1072 1145 potius

106 1147 147 1208 et
178 1145 353 1229 eupiditate
380 1168 448 1213 non
475 1147 596 1212 dubito.
642 1147 690 1212 De
717 1147 812 1213 Nicia
839 1149 926 1234 quod'
952 1149 1098 1231 scribis,2

109 1233 142 1297 si
164 1233 212 1298 ita
233 1256 285 1298 me
309 1235 471 1320 haberem,
492 1236 611 1300 ateius
625 1237 827 1302 humanitate
848 1239 914 1302 frui
935 1259 1074 1322 possem,

108 1321 148 1385 in
179 1323 292 1406 primis
319 1325 436 1389 vellem
463 1323 555 1388 illurn
586 1344 712 1390 mecum
742 1325 875 1410 habere,
906 1327 962 1391 scd
993 1325 1074 1390 mihi

110 1410 254 1476 solitudo
277 1415 310 1476 ct
331 1434 475 1477 recessus
497 1413 664 1497 provincia
686 1419 751 1499 est,
773 1416 858 1499 quod
881 1415 957 1499 quia
979 1413 1073 1479 facile

110 1499 240 1563 ferebat
268 1498 373 1586 Sicca,
404 1523 442 1566 co
470 1501 574 1586 magis
600 1503 692 1567 illum
719 1503 877 1586 desidero,
908 1506 1076 1586 praeterea

111 1587 202 1652 nosti
224 1585 336 1654 Niciae
359 1589 463 1654 nostri
489 1589 756 1676 imbecillitatem,
787 1591 967 1674 mollitiem,
999 1613 1074 1656 con·

112 1677 318 1742 suetudinem
331 1678 449 1743 victus:
472 1699 529 1743 our
551 1701 628 1765 crgo
642 1679 689 1744 illi
704 1681 860 1746 molestus
877 1701 946 1745 esse
969 1681 1075 1764 velim,

112 1786 215 1848 quum
237 1765 317 1830 mihi
339 1765 393 1832 illc
415 1767 574 1831 iucundus
595 1789 665 1833 csse
687 1789 755 1833 non
777 1767 902 1853 possit?
923 1770 1075 1834 voluntas

111 1857 225 1917 tamen
248 1854 317 1919 cius
339 1855 419 1919 milri
442 1859 536 1940 gratu
558 1861 615 1921 est.
648 1855 757 1922 Unam
771 1879 839 1921 rem
861 1856 902 1922 ad
925 1879 976 1921 me
999 1857 1075 1922 scri·

111 1941 222 2026 psisti,
253 1942 293 2007 de
321 1964 384 2027 qua
411 1943 537 2008 decrevi
562 1945 645 2009 nihil
671 1945 732 2009 tibi
761 1945 948 2027 rescribere3
980 1965 1073 2029 spero

112 2031 202 2094 enim
225 2052 277 2094 me
300 2053 320 2095 a
341 2035 374 2096 te
396 2032 600 2116 impetrasse,
621 2036 658 2097 ut
679 2033 822 2116 privares
849 2053 900 2098 mc
922 2031 986 2098 ista
1008 2053 1075 2098 me·

111 2119 219 2184 lestia.
263 2117 363 2184 Piliae
391 2125 425 2186 et
447 2119 577 2184 Atticae
599 2121 745 2185 salutem.

530 2311 667 2380 XXVII.

278 2431 335 2489 Sor.
354 2436 474 2490 Asturae
491 2449 586 2490 manse
603 2433 706 2489 Martio
723 2451 749 2490 a.
767 2451 794 2488 u.
814 2449 837 2488 c.
857 2438 918 2490 709.

390 2538 538 2596 CICERO
555 2537 708 2596 ATTICO
723 2537 806 2596 SAL.

184 2645 235 2713 De
265 2645 387 2714 Siliano
419 2650 565 2734 negotio,
596 2649 658 2716 etsi
684 2647 764 2714 mihi
791 2670 859 2713 non
886 2649 936 2714 est
964 2649 1104 2734 ignotal

115 2735 280 2820 condicio,
307 2740 419 2801 tamen
439 2737 536 2803 hodie
558 2759 609 2802 me
633 2759 672 2806 cx
695 2735 786 2802 Sicca
808 2737 947 2803 arbitror
969 2738 1079 2802 omnia

116 2825 335 2910 cogniturum.
387 2821 501 2892 Oottae
534 2825 619 2910 quod
651 2846 752 2910 negas
783 2829 816 2890 tc
847 2847 958 2909 nosse,
993 2826 1079 2889 ultra

117 2911 278 2978 Silianam
304 2913 414 2978 villam
442 2917 504 2996 est,
535 2936 633 2999 quam
663 2917 744 2998 puto
773 2915 833 2980 tibi
860 2918 973 2979 notam
1000 2934 1079 2995 esse,

96 3060 99 3064 .
117 3002 232 3067 villula
252 3001 381 3066 sordida
395 3009 428 3066 et
440 3001 532 3066 valde
554 3001 682 3086 pusilla,
703 3001 786 3066 nihil
800 3001 879 3086 agri,
900 3001 942 3064 ad
955 3001 1080 3064 nullam

116 3112 188 3154 rem
210 3090 274 3155 loci
297 3089 376 3154 satis
398 3089 462 3154 nisi
489 3087 530 3154 ad
558 3112 643 3174 eam,
670 3112 768 3174 quam
795 3110 926 3172 quaero:
963 3108 1080 3171 sequor

118 3177 353 3262 celebritatem,
385 3177 454 3260 scd,
482 3179 510 3242 si
531 3179 695 3264 perficitur
717 3178 757 3241 de
779 3177 883 3242 hortis
906 3173 988 3260 Silii,
1016 3175 1080 3240 hoo

191 3367 243 3440 Ep.
263 3375 307 3438 26,
327 3375 350 3424 1.
382 3373 415 3424 ut
431 3368 527 3423 scribit
543 3368 639 3439 vulgo.
662 3368 706 3438 [ut
722 3367 757 3438 a]
776 3367 864 3435 Boot,
882 3366 915 3423 B.
951 3372 976 3420 2.
994 3366 1080 3421 molli·

118 3441 184 3494 tiam
215 3441 280 3508 lac,
312 3439 462 3494 Suetonius
494 3437 540 3494 Gr.
573 3444 597 3506 ξ.
622 3445 664 3494 14.
703 3439 848 3493 stultitiam
878 3437 955 3505 Ma,
985 3437 1080 3506 vulgo.

118 3511 236 3581 nam,
256 3517 280 3564 1.
317 3508 411 3566 Cottae
428 3510 501 3580 quod
518 3510 574 3579 (gl.
612 3508 652 3576 G,
673 3524 697 3579 q.
726 3508 781 3577 Or,
808 3509 839 3562 B.
868 3535 902 3548 -·
928 3507 1000 3562 nibet
1017 3507 1081 3578 aori

119 3581 316 3652 (R1.,vurgo).
343 3581 386 3635 aa
404 3598 429 3635 a.
448 3579 513 3634 ΜΒ.
