<?xml version="1.0" encoding="UTF-8"?>
<!DOCTYPE html PUBLIC "-//W3C//DTD XHTML 1.0 Transitional//EN"
    "http://www.w3.org/TR/xhtml1/DTD/xhtml1-transitional.dtd">
<html xmlns="http://www.w3.org/1999/xhtml" xml:lang="en" lang="en">
 <head>
  <title>
</title>
<meta http-equiv="Content-Type" content="text/html;charset=utf-8" />
  <meta name='ocr-system' content='tesseract 3.04.00' />
  <meta name='ocr-capabilities' content='ocr_page ocr_carea ocr_par ocr_line ocrx_word'/>
</head>
<body>
  <div class='ocr_page' id='page_1' title='image "./epistolae01wesegoog_0214.png"; bbox 0 0 2522 3960; ppageno 0'>
   <div class='ocr_carea' id='block_1_1' title="bbox 246 224 920 293">
    <p class='ocr_par' dir='ltr' id='par_1_1' title="bbox 246 224 920 293">
     <span class='ocr_line' id='line_1_1' title="bbox 246 224 920 293; baseline 0.007 -14"><span class='ocrx_word' id='word_1_1' title='bbox 246 229 314 293; x_wconf 80' lang='lat'><strong>204</strong></span> <span class='ocrx_word' id='word_1_2' title='bbox 531 227 570 282; x_wconf 81' lang='grc' dir='ltr'>ι</span> <span class='ocrx_word' id='word_1_3' title='bbox 589 225 713 282; x_wconf 82' lang='lat' dir='ltr'><strong>rumn</strong></span> <span class='ocrx_word' id='word_1_4' title='bbox 728 224 920 284; x_wconf 71' lang='lat' dir='ltr'><strong>omnm</strong></span> 
     </span>
    </p>
   </div>
   <div class='ocr_carea' id='block_1_2' title="bbox 218 371 1248 3372">
    <p class='ocr_par' dir='ltr' id='par_1_2' title="bbox 218 371 1249 3372">
     <span class='ocr_line' id='line_1_2' title="bbox 246 371 1209 456; baseline -0.004 -17"><span class='ocrx_word' id='word_1_5' title='bbox 246 378 356 438; x_wconf 78' lang='lat' dir='ltr'><strong>autem</strong></span> <span class='ocrx_word' id='word_1_6' title='bbox 376 373 419 438; x_wconf 77' lang='lat' dir='ltr'><strong>ad</strong></span> <span class='ocrx_word' id='word_1_7' title='bbox 440 395 493 438; x_wconf 83' lang='lat' dir='ltr'><strong>me</strong></span> <span class='ocrx_word' id='word_1_8' title='bbox 514 373 648 438; x_wconf 85' lang='lat' dir='ltr'><strong>minime</strong></span> <span class='ocrx_word' id='word_1_9' title='bbox 669 373 896 456; x_wconf 69' lang='lat' dir='ltr'><strong>provinciales:</strong></span> <span class='ocrx_word' id='word_1_10' title='bbox 927 371 1010 436; x_wconf 85' lang='lat' dir='ltr'><strong>nihil</strong></span> <span class='ocrx_word' id='word_1_11' title='bbox 1031 393 1091 456; x_wconf 86' lang='lat' dir='ltr'><strong>per</strong></span> <span class='ocrx_word' id='word_1_12' title='bbox 1121 372 1209 436; x_wconf 89' lang='lat' dir='ltr'><strong>cubi·</strong></span> 
     </span>
     <span class='ocr_line' id='line_1_3' title="bbox 246 460 1208 546; baseline -0.004 -18"><span class='ocrx_word' id='word_1_13' title='bbox 246 463 418 546; x_wconf 78' lang='lat' dir='ltr'><strong>cularinm3</strong></span> <span class='ocrx_word' id='word_1_14' title='bbox 450 465 527 526; x_wconf 75' lang='lat' dir='ltr'><strong>ante</strong></span> <span class='ocrx_word' id='word_1_15' title='bbox 547 462 653 526; x_wconf 87' lang='lat' dir='ltr'><strong>lucem</strong></span> <span class='ocrx_word' id='word_1_16' title='bbox 674 460 917 526; x_wconf 71' lang='lat' dir='ltr'><strong>inambulabam</strong></span> <span class='ocrx_word' id='word_1_17' title='bbox 942 461 1044 543; x_wconf 86' lang='lat' dir='ltr'><strong>domi,</strong></span> <span class='ocrx_word' id='word_1_18' title='bbox 1066 464 1108 524; x_wconf 87' lang='lat' dir='ltr'><strong>nt</strong></span> <span class='ocrx_word' id='word_1_19' title='bbox 1131 461 1208 524; x_wconf 90' lang='lat' dir='ltr'><strong>olim</strong></span> 
     </span>
     <span class='ocr_line' id='line_1_4' title="bbox 308 548 1209 634; baseline -0.006 -18"><span class='ocrx_word' id='word_1_20' title='bbox 308 549 446 616; x_wconf 66' lang='lat' dir='ltr'><strong>difflua</strong></span> <span class='ocrx_word' id='word_1_21' title='bbox 472 548 1209 634; x_wconf 63' lang='lat' dir='ltr'><strong>Gulahneeetmaguamibiquunondum</strong></span> 
     </span>
     <span class='ocr_line' id='line_1_5' title="bbox 218 635 1209 704; baseline -0.004 0"><span class='ocrx_word' id='word_1_22' title='bbox 218 655 234 696; x_wconf 71' lang='grc' dir='ltr'><strong><em>ο</em></strong></span> <span class='ocrx_word' id='word_1_23' title='bbox 341 637 862 704; x_wconf 73' lang='lat' dir='ltr'><strong>&#39;osaexsslsvaleremilitia</strong></span> <span class='ocrx_word' id='word_1_24' title='bbox 904 635 1209 702; x_wconf 77' lang='lat' dir='ltr'><strong>Nonisblniisin</strong></span> 
     </span>
     <span class='ocr_line' id='line_1_6' title="bbox 246 724 1208 825; baseline -0.004 -33"><span class='ocrx_word' id='word_1_25' title='bbox 246 724 393 792; x_wconf 70' lang='lat' dir='ltr'><strong>Ciliciam</strong></span> <span class='ocrx_word' id='word_1_26' title='bbox 413 727 612 812; x_wconf 68' lang='lat' dir='ltr'><strong>cogitabam</strong></span> <span class='ocrx_word' id='word_1_27' title='bbox 633 727 681 790; x_wconf 91' lang='lat' dir='ltr'><strong>ibi</strong></span> <span class='ocrx_word' id='word_1_28' title='bbox 698 747 799 809; x_wconf 89' lang='lat' dir='ltr'><strong>quum</strong></span> <span class='ocrx_word' id='word_1_29' title='bbox 811 724 942 790; x_wconf 85' lang='lat' dir='ltr'><strong>Iunium</strong></span> <span class='ocrx_word' id='word_1_30' title='bbox 962 746 1110 790; x_wconf 82' lang='lat' dir='ltr'><strong>mensem</strong></span> <span class='ocrx_word' id='word_1_31' title='bbox 1134 747 1208 825; x_wconf 73' lang='lat' dir='ltr'><strong>cun·</strong></span> 
     </span>
     <span class='ocr_line' id='line_1_7' title="bbox 245 815 1208 988; baseline -0.003 -20"><span class='ocrx_word' id='word_1_32' title='bbox 245 815 1208 988; x_wconf 44' lang='lat' dir='ltr'><strong>mmm-tumme</strong></span> 
     </span>
     <span class='ocr_line' id='line_1_8' title="bbox 245 989 1208 1164; baseline -0.004 -19"><span class='ocrx_word' id='word_1_33' title='bbox 245 990 917 1164; x_wconf 55' lang='lat' dir='ltr'><strong>ffifflafwffi</strong></span> <span class='ocrx_word' id='word_1_34' title='bbox 944 990 1104 1162; x_wconf 52' lang='lat' dir='ltr'><strong>:pelli</strong></span> <span class='ocrx_word' id='word_1_35' title='bbox 1127 989 1208 1142; x_wconf 59' lang='lat' dir='ltr'><strong>ridi</strong></span> 
     </span>
     <span class='ocr_line' id='line_1_9' title="bbox 245 1165 1208 1252; baseline -0.004 -18"><span class='ocrx_word' id='word_1_36' title='bbox 245 1167 783 1252; x_wconf 73' lang='lat' dir='ltr'><strong>mbiltemporisprorogatumiri</strong></span> <span class='ocrx_word' id='word_1_37' title='bbox 808 1165 978 1230; x_wconf 82' lang='lat' dir='ltr'><strong>Habebam</strong></span> <span class='ocrx_word' id='word_1_38' title='bbox 991 1171 1066 1231; x_wconf 82' lang='lat' dir='ltr'><strong>acta</strong></span> <span class='ocrx_word' id='word_1_39' title='bbox 1078 1167 1208 1232; x_wconf 72' lang='lat' dir='ltr'><strong>urbam</strong></span> 
     </span>
     <span class='ocr_line' id='line_1_10' title="bbox 245 1254 1206 1340; baseline -0.001 -20"><span class='ocrx_word' id='word_1_40' title='bbox 245 1277 347 1340; x_wconf 84' lang='lat' dir='ltr'><strong>usqne</strong></span> <span class='ocrx_word' id='word_1_41' title='bbox 377 1257 421 1320; x_wconf 79' lang='lat' dir='ltr'><strong>ad</strong></span> <span class='ocrx_word' id='word_1_42' title='bbox 451 1254 566 1321; x_wconf 83' lang='lat' dir='ltr'><strong>Nonas</strong></span> <span class='ocrx_word' id='word_1_43' title='bbox 595 1255 746 1338; x_wconf 77' lang='lat' dir='ltr'><strong>Martias,</strong></span> <span class='ocrx_word' id='word_1_44' title='bbox 783 1277 801 1319; x_wconf 89' lang='lat' dir='ltr'><strong>e</strong></span> <span class='ocrx_word' id='word_1_45' title='bbox 833 1255 950 1338; x_wconf 87' lang='lat' dir='ltr'><strong>quibus</strong></span> <span class='ocrx_word' id='word_1_46' title='bbox 980 1255 1206 1340; x_wconf 73' lang='lat' dir='ltr'><strong>intelligebam</strong></span> 
     </span>
     <span class='ocr_line' id='line_1_11' title="bbox 245 1341 1205 1427; baseline -0.001 -19"><span class='ocrx_word' id='word_1_47' title='bbox 245 1343 396 1408; x_wconf 78' lang='lat' dir='ltr'><strong>(larionis</strong></span> <span class='ocrx_word' id='word_1_48' title='bbox 417 1344 523 1409; x_wconf 69' lang='lat' dir='ltr'><strong>naabi</strong></span> <span class='ocrx_word' id='word_1_49' title='bbox 550 1344 735 1408; x_wconf 81' lang='lat' dir='ltr'><strong>constantia</strong></span> <span class='ocrx_word' id='word_1_50' title='bbox 760 1343 872 1408; x_wconf 85' lang='lat' dir='ltr'><strong>omnia</strong></span> <span class='ocrx_word' id='word_1_51' title='bbox 896 1343 1005 1427; x_wconf 84' lang='lat' dir='ltr'><strong>potius</strong></span> <span class='ocrx_word' id='word_1_52' title='bbox 1032 1347 1145 1408; x_wconf 77' lang='lat' dir='ltr'><strong>sutrim</strong></span> <span class='ocrx_word' id='word_1_53' title='bbox 1167 1341 1205 1406; x_wconf 89' lang='lat' dir='ltr'><strong>iri</strong></span> 
     </span>
     <span class='ocr_line' id='line_1_12' title="bbox 245 1431 1204 1517; baseline -0.002 -21"><span class='ocrx_word' id='word_1_54' title='bbox 245 1453 344 1515; x_wconf 82' lang='lat' dir='ltr'><strong>quam</strong></span> <span class='ocrx_word' id='word_1_55' title='bbox 367 1432 407 1496; x_wconf 84' lang='lat' dir='ltr'><strong>da</strong></span> <span class='ocrx_word' id='word_1_56' title='bbox 428 1431 617 1515; x_wconf 84' lang='lat' dir='ltr'><strong>provinciis:</strong></span> <span class='ocrx_word' id='word_1_57' title='bbox 649 1453 739 1517; x_wconf 82' lang='lat' dir='ltr'><strong>ergo,</strong></span> <span class='ocrx_word' id='word_1_58' title='bbox 770 1436 808 1496; x_wconf 86' lang='lat' dir='ltr'><strong>ut</strong></span> <span class='ocrx_word' id='word_1_59' title='bbox 831 1453 939 1516; x_wconf 85' lang='lat' dir='ltr'><strong>sparo,</strong></span> <span class='ocrx_word' id='word_1_60' title='bbox 961 1431 1152 1516; x_wconf 79' lang='lat' dir='ltr'><strong>propediem</strong></span> <span class='ocrx_word' id='word_1_61' title='bbox 1173 1435 1204 1493; x_wconf 82' lang='lat' dir='ltr'><strong>ta</strong></span> 
     </span>
     <span class='ocr_line' id='line_1_13' title="bbox 218 1513 1203 1604; baseline 0.006 -26"><span class='ocrx_word' id='word_1_62' title='bbox 218 1513 370 1586; x_wconf 83' lang='lat' dir='ltr'><strong>ividebo.</strong></span> <span class='ocrx_word' id='word_1_63' title='bbox 399 1519 506 1585; x_wconf 88' lang='lat' dir='ltr'><strong>Venio</strong></span> <span class='ocrx_word' id='word_1_64' title='bbox 529 1520 570 1584; x_wconf 86' lang='lat' dir='ltr'><strong>ad</strong></span> <span class='ocrx_word' id='word_1_65' title='bbox 591 1519 730 1584; x_wconf 88' lang='lat' dir='ltr'><strong>Brutum</strong></span> <span class='ocrx_word' id='word_1_66' title='bbox 751 1524 853 1604; x_wconf 85' lang='lat' dir='ltr'><strong>tuum,</strong></span> <span class='ocrx_word' id='word_1_67' title='bbox 875 1521 974 1585; x_wconf 87' lang='lat' dir='ltr'><strong>immo</strong></span> <span class='ocrx_word' id='word_1_68' title='bbox 996 1524 1150 1584; x_wconf 83' lang='lat' dir='ltr'><strong>nostrum</strong></span> <span class='ocrx_word' id='word_1_69' title='bbox 1163 1555 1203 1566; x_wconf 87' lang='lat'><em>-</em></span> 
     </span>
     <span class='ocr_line' id='line_1_14' title="bbox 247 1608 1203 1694; baseline -0.001 -21"><span class='ocrx_word' id='word_1_70' title='bbox 247 1608 293 1673; x_wconf 85' lang='lat' dir='ltr'><strong>sic</strong></span> <span class='ocrx_word' id='word_1_71' title='bbox 323 1609 411 1672; x_wconf 83' lang='lat' dir='ltr'><strong>enim</strong></span> <span class='ocrx_word' id='word_1_72' title='bbox 442 1609 545 1674; x_wconf 81' lang='lat' dir='ltr'><strong>mavis</strong></span> <span class='ocrx_word' id='word_1_73' title='bbox 578 1645 629 1673; x_wconf 91' lang='lat'><strong>-.</strong></span> <span class='ocrx_word' id='word_1_74' title='bbox 677 1608 838 1694; x_wconf 79' lang='lat' dir='ltr'><strong>Equidem</strong></span> <span class='ocrx_word' id='word_1_75' title='bbox 869 1608 979 1673; x_wconf 85' lang='lat' dir='ltr'><strong>omnia</strong></span> <span class='ocrx_word' id='word_1_76' title='bbox 1007 1609 1085 1692; x_wconf 83' lang='lat' dir='ltr'><strong>feci,</strong></span> <span class='ocrx_word' id='word_1_77' title='bbox 1121 1629 1203 1692; x_wconf 83' lang='lat' dir='ltr'><strong>quae</strong></span> 
     </span>
     <span class='ocr_line' id='line_1_15' title="bbox 245 1696 1203 1781; baseline -0.002 -20"><span class='ocrx_word' id='word_1_78' title='bbox 245 1696 337 1780; x_wconf 89' lang='lat' dir='ltr'><strong>potui</strong></span> <span class='ocrx_word' id='word_1_79' title='bbox 360 1698 474 1761; x_wconf 85' lang='lat' dir='ltr'><strong>autin</strong></span> <span class='ocrx_word' id='word_1_80' title='bbox 496 1719 568 1761; x_wconf 84' lang='lat' dir='ltr'><strong>meu</strong></span> <span class='ocrx_word' id='word_1_81' title='bbox 593 1697 761 1781; x_wconf 82' lang='lat' dir='ltr'><strong>provincia</strong></span> <span class='ocrx_word' id='word_1_82' title='bbox 785 1697 937 1780; x_wconf 81' lang='lat' dir='ltr'><strong>perlicere</strong></span> <span class='ocrx_word' id='word_1_83' title='bbox 960 1700 1016 1761; x_wconf 86' lang='lat' dir='ltr'><strong>aut</strong></span> <span class='ocrx_word' id='word_1_84' title='bbox 1042 1697 1079 1760; x_wconf 95' lang='lat' dir='ltr'><strong>in</strong></span> <span class='ocrx_word' id='word_1_85' title='bbox 1101 1717 1203 1781; x_wconf 85' lang='lat' dir='ltr'><strong>regno</strong></span> 
     </span>
     <span class='ocr_line' id='line_1_16' title="bbox 246 1783 1201 1871; baseline 0.002 -24"><span class='ocrx_word' id='word_1_86' title='bbox 246 1785 392 1868; x_wconf 86' lang='lat' dir='ltr'><strong>experiri</strong></span> <span class='ocrx_word' id='word_1_87' title='bbox 436 1783 660 1871; x_wconf 81' lang='lat' dir='ltr'><strong>Omuiigitur</strong></span> <span class='ocrx_word' id='word_1_88' title='bbox 685 1786 781 1850; x_wconf 89' lang='lat' dir='ltr'><strong>modo</strong></span> <span class='ocrx_word' id='word_1_89' title='bbox 808 1785 862 1869; x_wconf 75' lang='lat' dir='ltr'><strong>egi</strong></span> <span class='ocrx_word' id='word_1_90' title='bbox 889 1789 1201 1870; x_wconf 77' lang='lat' dir='ltr'><strong>cumrageetago</strong></span> 
     </span>
     <span class='ocr_line' id='line_1_17' title="bbox 244 1872 1201 1958; baseline -0.002 -21"><span class='ocrx_word' id='word_1_91' title='bbox 244 1872 403 1956; x_wconf 85' lang='lat' dir='ltr'><strong>quotidie,</strong></span> <span class='ocrx_word' id='word_1_92' title='bbox 429 1895 488 1958; x_wconf 86' lang='lat' dir='ltr'><strong>per</strong></span> <span class='ocrx_word' id='word_1_93' title='bbox 509 1875 634 1938; x_wconf 80' lang='lat' dir='ltr'><strong>litteras</strong></span> <span class='ocrx_word' id='word_1_94' title='bbox 656 1874 791 1957; x_wconf 80' lang='lat' dir='ltr'><strong>scilicet3</strong></span> <span class='ocrx_word' id='word_1_95' title='bbox 818 1873 925 1957; x_wconf 88' lang='lat' dir='ltr'><strong>ipsum</strong></span> <span class='ocrx_word' id='word_1_96' title='bbox 947 1873 1034 1936; x_wconf 86' lang='lat' dir='ltr'><strong>enirn</strong></span> <span class='ocrx_word' id='word_1_97' title='bbox 1059 1873 1201 1938; x_wconf 85' lang='lat' dir='ltr'><strong>triduum</strong></span> 
     </span>
     <span class='ocr_line' id='line_1_18' title="bbox 246 1961 1202 2044; baseline -0.002 -18"><span class='ocrx_word' id='word_1_98' title='bbox 246 1961 492 2044; x_wconf 70' lang='lat' dir='ltr'><strong>quatriduanae</strong></span> <span class='ocrx_word' id='word_1_99' title='bbox 523 1984 649 2026; x_wconf 88' lang='lat' dir='ltr'><strong>mecum</strong></span> <span class='ocrx_word' id='word_1_100' title='bbox 678 1962 778 2026; x_wconf 88' lang='lat' dir='ltr'><strong>habui</strong></span> <span class='ocrx_word' id='word_1_101' title='bbox 808 1961 1004 2026; x_wconf 84' lang='lat' dir='ltr'><strong>turbulentis</strong></span> <span class='ocrx_word' id='word_1_102' title='bbox 1032 1961 1069 2026; x_wconf 92' lang='lat' dir='ltr'><strong>in</strong></span> <span class='ocrx_word' id='word_1_103' title='bbox 1098 1962 1202 2042; x_wconf 87' lang='lat' dir='ltr'><strong>rebus,</strong></span> 
     </span>
     <span class='ocr_line' id='line_1_19' title="bbox 246 2050 1201 2134; baseline 0.001 -19"><span class='ocrx_word' id='word_1_104' title='bbox 246 2050 363 2134; x_wconf 84' lang='lat' dir='ltr'><strong>quibus</strong></span> <span class='ocrx_word' id='word_1_105' title='bbox 385 2073 459 2115; x_wconf 80' lang='lat' dir='ltr'><strong>eum</strong></span> <span class='ocrx_word' id='word_1_106' title='bbox 478 2051 628 2133; x_wconf 77' lang='lat' dir='ltr'><strong>liberavi3</strong></span> <span class='ocrx_word' id='word_1_107' title='bbox 650 2050 705 2114; x_wconf 82' lang='lat' dir='ltr'><strong>ssd</strong></span> <span class='ocrx_word' id='word_1_108' title='bbox 719 2055 753 2114; x_wconf 89' lang='lat' dir='ltr'><strong>et</strong></span> <span class='ocrx_word' id='word_1_109' title='bbox 773 2055 844 2115; x_wconf 84' lang='lat' dir='ltr'><strong>tum</strong></span> <span class='ocrx_word' id='word_1_110' title='bbox 865 2071 1018 2133; x_wconf 80' lang='lat' dir='ltr'><strong>praesens</strong></span> <span class='ocrx_word' id='word_1_111' title='bbox 1034 2054 1068 2114; x_wconf 87' lang='lat' dir='ltr'><strong>et</strong></span> <span class='ocrx_word' id='word_1_112' title='bbox 1090 2053 1201 2134; x_wconf 77' lang='lat' dir='ltr'><strong>postea</strong></span> 
     </span>
     <span class='ocr_line' id='line_1_20' title="bbox 246 2138 1248 2247; baseline -0.003 -43"><span class='ocrx_word' id='word_1_113' title='bbox 246 2139 448 2204; x_wconf 82' lang='lat' dir='ltr'><strong>creberrimis</strong></span> <span class='ocrx_word' id='word_1_114' title='bbox 470 2139 580 2204; x_wconf 64' lang='lat' dir='ltr'><strong>lacera</strong></span> <span class='ocrx_word' id='word_1_115' title='bbox 600 2160 669 2203; x_wconf 90' lang='lat' dir='ltr'><strong>non</strong></span> <span class='ocrx_word' id='word_1_116' title='bbox 685 2138 794 2204; x_wconf 82' lang='lat' dir='ltr'><strong>destiti</strong></span> <span class='ocrx_word' id='word_1_117' title='bbox 815 2159 931 2223; x_wconf 85' lang='lat' dir='ltr'><strong>rogare</strong></span> <span class='ocrx_word' id='word_1_118' title='bbox 944 2143 978 2203; x_wconf 86' lang='lat' dir='ltr'><strong>et</strong></span> <span class='ocrx_word' id='word_1_119' title='bbox 999 2143 1109 2222; x_wconf 72' lang='lat' dir='ltr'><strong>petere</strong></span> <span class='ocrx_word' id='word_1_120' title='bbox 1132 2158 1202 2203; x_wconf 85' lang='lat' dir='ltr'><strong>mea</strong></span> <span class='ocrx_word' id='word_1_121' title='bbox 1247 2203 1248 2247; x_wconf 27' lang='grc'>1</span> 
     </span>
     <span class='ocr_line' id='line_1_21' title="bbox 246 2225 1201 2311; baseline 0 -20"><span class='ocrx_word' id='word_1_122' title='bbox 246 2247 353 2311; x_wconf 82' lang='lat' dir='ltr'><strong>cansa,</strong></span> <span class='ocrx_word' id='word_1_123' title='bbox 376 2227 509 2293; x_wconf 79' lang='lat' dir='ltr'><strong>suadere</strong></span> <span class='ocrx_word' id='word_1_124' title='bbox 532 2232 566 2292; x_wconf 86' lang='lat' dir='ltr'><strong>et</strong></span> <span class='ocrx_word' id='word_1_125' title='bbox 586 2228 711 2292; x_wconf 84' lang='lat' dir='ltr'><strong>hortari</strong></span> <span class='ocrx_word' id='word_1_126' title='bbox 733 2249 804 2291; x_wconf 86' lang='lat' dir='ltr'><strong>sua:</strong></span> <span class='ocrx_word' id='word_1_127' title='bbox 824 2227 962 2292; x_wconf 87' lang='lat' dir='ltr'><strong>multum</strong></span> <span class='ocrx_word' id='word_1_128' title='bbox 984 2227 1117 2311; x_wconf 79' lang='lat' dir='ltr'><strong>profeci,</strong></span> <span class='ocrx_word' id='word_1_129' title='bbox 1140 2225 1201 2308; x_wconf 78' lang='lat' dir='ltr'><strong>sed,</strong></span> 
     </span>
     <span class='ocr_line' id='line_1_22' title="bbox 245 2313 1200 2401; baseline -0.002 -21"><span class='ocrx_word' id='word_1_130' title='bbox 245 2320 414 2400; x_wconf 79' lang='lat' dir='ltr'><strong>quantum,</strong></span> <span class='ocrx_word' id='word_1_131' title='bbox 434 2337 503 2382; x_wconf 86' lang='lat' dir='ltr'><strong>non</strong></span> <span class='ocrx_word' id='word_1_132' title='bbox 525 2317 631 2399; x_wconf 86' lang='lat' dir='ltr'><strong>plana,</strong></span> <span class='ocrx_word' id='word_1_133' title='bbox 652 2315 729 2399; x_wconf 86' lang='lat' dir='ltr'><strong>quia</strong></span> <span class='ocrx_word' id='word_1_134' title='bbox 750 2317 848 2401; x_wconf 84' lang='lat' dir='ltr'><strong>longa</strong></span> <span class='ocrx_word' id='word_1_135' title='bbox 862 2314 984 2398; x_wconf 86' lang='lat' dir='ltr'><strong>absum,</strong></span> <span class='ocrx_word' id='word_1_136' title='bbox 1007 2315 1083 2379; x_wconf 87' lang='lat' dir='ltr'><strong>scio.</strong></span> <span class='ocrx_word' id='word_1_137' title='bbox 1115 2313 1200 2381; x_wconf 85' lang='lat' dir='ltr'><strong>Sala·</strong></span> 
     </span>
     <span class='ocr_line' id='line_1_23' title="bbox 246 2403 1199 2488; baseline 0.002 -22"><span class='ocrx_word' id='word_1_138' title='bbox 246 2403 364 2468; x_wconf 86' lang='lat' dir='ltr'><strong>minias</strong></span> <span class='ocrx_word' id='word_1_139' title='bbox 396 2408 505 2468; x_wconf 83' lang='lat' dir='ltr'><strong>autam</strong></span> <span class='ocrx_word' id='word_1_140' title='bbox 528 2441 569 2450; x_wconf 91' lang='lat'>—</span> <span class='ocrx_word' id='word_1_141' title='bbox 599 2403 660 2468; x_wconf 88' lang='lat' dir='ltr'><strong>hos</strong></span> <span class='ocrx_word' id='word_1_142' title='bbox 692 2403 779 2468; x_wconf 85' lang='lat' dir='ltr'><strong>anim</strong></span> <span class='ocrx_word' id='word_1_143' title='bbox 809 2407 955 2488; x_wconf 88' lang='lat' dir='ltr'><strong>poteram</strong></span> <span class='ocrx_word' id='word_1_144' title='bbox 987 2408 1134 2468; x_wconf 69' lang='lat' dir='ltr'><strong>cobrcere</strong></span> <span class='ocrx_word' id='word_1_145' title='bbox 1161 2439 1199 2450; x_wconf 85' lang='lat'>-</span> 
     </span>
     <span class='ocr_line' id='line_1_24' title="bbox 246 2489 1201 2576; baseline 0 -22"><span class='ocrx_word' id='word_1_146' title='bbox 246 2489 378 2575; x_wconf 86' lang='lat' dir='ltr'><strong>adduxi,</strong></span> <span class='ocrx_word' id='word_1_147' title='bbox 408 2496 447 2556; x_wconf 90' lang='lat' dir='ltr'><strong>ut</strong></span> <span class='ocrx_word' id='word_1_148' title='bbox 476 2496 582 2557; x_wconf 86' lang='lat' dir='ltr'><strong>totum</strong></span> <span class='ocrx_word' id='word_1_149' title='bbox 610 2513 731 2557; x_wconf 87' lang='lat' dir='ltr'><strong>nomen</strong></span> <span class='ocrx_word' id='word_1_150' title='bbox 757 2490 887 2576; x_wconf 77' lang='lat' dir='ltr'><strong>Scaptio</strong></span> <span class='ocrx_word' id='word_1_151' title='bbox 920 2492 1038 2556; x_wconf 84' lang='lat' dir='ltr'><strong>vallent</strong></span> <span class='ocrx_word' id='word_1_152' title='bbox 1070 2493 1201 2572; x_wconf 85' lang='lat' dir='ltr'><strong>solvere,</strong></span> 
     </span>
     <span class='ocr_line' id='line_1_25' title="bbox 246 2578 1200 2666; baseline 0.003 -24"><span class='ocrx_word' id='word_1_153' title='bbox 246 2578 303 2642; x_wconf 82' lang='lat' dir='ltr'><strong>aad</strong></span> <span class='ocrx_word' id='word_1_154' title='bbox 326 2580 508 2646; x_wconf 79' lang='lat' dir='ltr'><strong>centesimis</strong></span> <span class='ocrx_word' id='word_1_155' title='bbox 522 2580 636 2664; x_wconf 86' lang='lat' dir='ltr'><strong>ductis,</strong></span> <span class='ocrx_word' id='word_1_156' title='bbox 658 2602 679 2643; x_wconf 86' lang='lat' dir='ltr'><strong>u</strong></span> <span class='ocrx_word' id='word_1_157' title='bbox 694 2580 842 2664; x_wconf 78' lang='lat' dir='ltr'><strong>proiima</strong></span> <span class='ocrx_word' id='word_1_158' title='bbox 860 2579 988 2663; x_wconf 85' lang='lat' dir='ltr'><strong>quidem</strong></span> <span class='ocrx_word' id='word_1_159' title='bbox 1007 2581 1200 2666; x_wconf 78' lang='lat' dir='ltr'><strong>syngrapha,</strong></span> 
     </span>
     <span class='ocr_line' id='line_1_26' title="bbox 246 2667 1247 2753; baseline 0.006 -23"><span class='ocrx_word' id='word_1_160' title='bbox 246 2687 307 2730; x_wconf 84' lang='lat' dir='ltr'><strong>nec</strong></span> <span class='ocrx_word' id='word_1_161' title='bbox 333 2669 511 2753; x_wconf 82' lang='lat' dir='ltr'><strong>perpetuis,</strong></span> <span class='ocrx_word' id='word_1_162' title='bbox 541 2668 598 2734; x_wconf 87' lang='lat' dir='ltr'><strong>sed</strong></span> <span class='ocrx_word' id='word_1_163' title='bbox 628 2669 791 2733; x_wconf 81' lang='lat' dir='ltr'><strong>renovatis</strong></span> <span class='ocrx_word' id='word_1_164' title='bbox 818 2668 1001 2752; x_wconf 81' lang='lat' dir='ltr'><strong>quotannis.</strong></span> <span class='ocrx_word' id='word_1_165' title='bbox 1046 2667 1199 2733; x_wconf 84' lang='lat' dir='ltr'><strong>Numera·</strong></span> <span class='ocrx_word' id='word_1_166' title='bbox 1246 2709 1247 2736; x_wconf 47' lang='lat' dir='ltr'><strong>r</strong></span> 
     </span>
     <span class='ocr_line' id='line_1_27' title="bbox 246 2754 1199 2841; baseline 0 -21"><span class='ocrx_word' id='word_1_167' title='bbox 246 2754 367 2820; x_wconf 63' lang='lat' dir='ltr'><strong>hautun</strong></span> <span class='ocrx_word' id='word_1_168' title='bbox 388 2756 526 2822; x_wconf 89' lang='lat' dir='ltr'><strong>nummi:</strong></span> <span class='ocrx_word' id='word_1_169' title='bbox 548 2757 655 2821; x_wconf 84' lang='lat' dir='ltr'><strong>noluit</strong></span> <span class='ocrx_word' id='word_1_170' title='bbox 668 2755 825 2841; x_wconf 79' lang='lat' dir='ltr'><strong>Scaptius.</strong></span> <span class='ocrx_word' id='word_1_171' title='bbox 860 2757 910 2820; x_wconf 80' lang='lat' dir='ltr'><strong>Tu</strong></span> <span class='ocrx_word' id='word_1_172' title='bbox 933 2757 988 2839; x_wconf 87' lang='lat' dir='ltr'><strong>qui</strong></span> <span class='ocrx_word' id='word_1_173' title='bbox 1003 2757 1051 2822; x_wconf 83' lang='lat' dir='ltr'><strong>aia</strong></span> <span class='ocrx_word' id='word_1_174' title='bbox 1064 2755 1199 2822; x_wconf 76' lang='lat' dir='ltr'><strong>Brutum</strong></span> 
     </span>
     <span class='ocr_line' id='line_1_28' title="bbox 246 2844 1199 2930; baseline 0.002 -22"><span class='ocrx_word' id='word_1_175' title='bbox 246 2864 363 2928; x_wconf 86' lang='lat' dir='ltr'><strong>cupere</strong></span> <span class='ocrx_word' id='word_1_176' title='bbox 386 2844 507 2927; x_wconf 87' lang='lat' dir='ltr'><strong>aliquid</strong></span> <span class='ocrx_word' id='word_1_177' title='bbox 528 2845 683 2928; x_wconf 81' lang='lat' dir='ltr'><strong>perdere?</strong></span> <span class='ocrx_word' id='word_1_178' title='bbox 712 2849 885 2928; x_wconf 82' lang='lat' dir='ltr'><strong>quaternas</strong></span> <span class='ocrx_word' id='word_1_179' title='bbox 906 2844 1048 2910; x_wconf 86' lang='lat' dir='ltr'><strong>habebat</strong></span> <span class='ocrx_word' id='word_1_180' title='bbox 1072 2846 1108 2910; x_wconf 90' lang='lat' dir='ltr'><strong>in</strong></span> <span class='ocrx_word' id='word_1_181' title='bbox 1129 2865 1199 2930; x_wconf 85' lang='lat' dir='ltr'><strong>ayu-</strong></span> 
     </span>
     <span class='ocr_line' id='line_1_29' title="bbox 247 2931 1199 3020; baseline -0.001 -24"><span class='ocrx_word' id='word_1_182' title='bbox 247 2932 380 3018; x_wconf 76' lang='lat' dir='ltr'><strong>grapha.</strong></span> <span class='ocrx_word' id='word_1_183' title='bbox 413 2931 500 2996; x_wconf 82' lang='lat' dir='ltr'><strong>Fieri</strong></span> <span class='ocrx_word' id='word_1_184' title='bbox 521 2954 589 2998; x_wconf 86' lang='lat' dir='ltr'><strong>non</strong></span> <span class='ocrx_word' id='word_1_185' title='bbox 610 2936 747 3017; x_wconf 84' lang='lat' dir='ltr'><strong>poterat,</strong></span> <span class='ocrx_word' id='word_1_186' title='bbox 768 2955 837 3018; x_wconf 85' lang='lat' dir='ltr'><strong>nec,</strong></span> <span class='ocrx_word' id='word_1_187' title='bbox 860 2933 887 2998; x_wconf 88' lang='lat' dir='ltr'><strong>si</strong></span> <span class='ocrx_word' id='word_1_188' title='bbox 909 2937 1028 3018; x_wconf 82' lang='lat' dir='ltr'><strong>posset,</strong></span> <span class='ocrx_word' id='word_1_189' title='bbox 1050 2955 1112 3020; x_wconf 83' lang='lat' dir='ltr'><strong>ego</strong></span> <span class='ocrx_word' id='word_1_190' title='bbox 1134 2931 1199 3018; x_wconf 89' lang='lat' dir='ltr'><strong>pati</strong></span> 
     </span>
     <span class='ocr_line' id='line_1_30' title="bbox 247 3019 1199 3106; baseline 0.002 -21"><span class='ocrx_word' id='word_1_191' title='bbox 247 3043 384 3104; x_wconf 77' lang='lat' dir='ltr'><strong>possem.</strong></span> <span class='ocrx_word' id='word_1_192' title='bbox 428 3019 536 3085; x_wconf 82' lang='lat' dir='ltr'><strong>Audio</strong></span> <span class='ocrx_word' id='word_1_193' title='bbox 560 3022 691 3087; x_wconf 89' lang='lat' dir='ltr'><strong>omnino</strong></span> <span class='ocrx_word' id='word_1_194' title='bbox 714 3020 880 3106; x_wconf 73' lang='lat' dir='ltr'><strong>Scaptium</strong></span> <span class='ocrx_word' id='word_1_195' title='bbox 906 3022 1085 3106; x_wconf 80' lang='lat' dir='ltr'><strong>poenitere3</strong></span> <span class='ocrx_word' id='word_1_196' title='bbox 1117 3043 1199 3102; x_wconf 84' lang='lat' dir='ltr'><strong>nam,</strong></span> 
     </span>
     <span class='ocr_line' id='line_1_31' title="bbox 247 3109 1246 3194; baseline -0.002 -20"><span class='ocrx_word' id='word_1_197' title='bbox 247 3109 333 3192; x_wconf 89' lang='lat' dir='ltr'><strong>quod</strong></span> <span class='ocrx_word' id='word_1_198' title='bbox 366 3113 497 3174; x_wconf 83' lang='lat' dir='ltr'><strong>senatus</strong></span> <span class='ocrx_word' id='word_1_199' title='bbox 528 3111 712 3175; x_wconf 83' lang='lat' dir='ltr'><strong>consultum</strong></span> <span class='ocrx_word' id='word_1_200' title='bbox 741 3132 813 3175; x_wconf 82' lang='lat' dir='ltr'><strong>ease</strong></span> <span class='ocrx_word' id='word_1_201' title='bbox 845 3111 985 3194; x_wconf 78' lang='lat' dir='ltr'><strong>dicabat,</strong></span> <span class='ocrx_word' id='word_1_202' title='bbox 1015 3114 1053 3175; x_wconf 86' lang='lat' dir='ltr'><strong>ut</strong></span> <span class='ocrx_word' id='word_1_203' title='bbox 1082 3111 1138 3176; x_wconf 81' lang='lat' dir='ltr'><strong>ius</strong></span> <span class='ocrx_word' id='word_1_204' title='bbox 1165 3130 1199 3174; x_wconf 80' lang='lat' dir='ltr'><strong>cx</strong></span> <span class='ocrx_word' id='word_1_205' title='bbox 1245 3175 1246 3194; x_wconf 20' lang='lat' dir='ltr'><strong>p</strong></span> 
     </span>
     <span class='ocr_line' id='line_1_32' title="bbox 247 3196 1198 3284; baseline -0.002 -22"><span class='ocrx_word' id='word_1_206' title='bbox 247 3197 434 3283; x_wconf 78' lang='lat' dir='ltr'><strong>syngrapha</strong></span> <span class='ocrx_word' id='word_1_207' title='bbox 456 3197 627 3282; x_wconf 78' lang='lat' dir='ltr'><strong>diceretur,</strong></span> <span class='ocrx_word' id='word_1_208' title='bbox 658 3219 696 3264; x_wconf 79' lang='lat' dir='ltr'><strong>eo</strong></span> <span class='ocrx_word' id='word_1_209' title='bbox 720 3199 855 3265; x_wconf 84' lang='lat' dir='ltr'><strong>coneilio</strong></span> <span class='ocrx_word' id='word_1_210' title='bbox 877 3199 1000 3264; x_wconf 78' lang='lat' dir='ltr'><strong>lactum</strong></span> <span class='ocrx_word' id='word_1_211' title='bbox 1021 3203 1084 3284; x_wconf 85' lang='lat' dir='ltr'><strong>est,</strong></span> <span class='ocrx_word' id='word_1_212' title='bbox 1116 3196 1198 3284; x_wconf 90' lang='lat' dir='ltr'><strong>quod</strong></span> 
     </span>
     <span class='ocr_line' id='line_1_33' title="bbox 246 3283 1198 3372; baseline 0.003 -23"><span class='ocrx_word' id='word_1_213' title='bbox 246 3285 417 3368; x_wconf 83' lang='lat' dir='ltr'><strong>pecuniam</strong></span> <span class='ocrx_word' id='word_1_214' title='bbox 439 3283 607 3352; x_wconf 80' lang='lat' dir='ltr'><strong>Salaminii</strong></span> <span class='ocrx_word' id='word_1_215' title='bbox 634 3290 748 3353; x_wconf 81' lang='lat' dir='ltr'><strong>eontra</strong></span> <span class='ocrx_word' id='word_1_216' title='bbox 770 3288 875 3372; x_wconf 81' lang='lat' dir='ltr'><strong>legem</strong></span> <span class='ocrx_word' id='word_1_217' title='bbox 896 3285 1068 3352; x_wconf 78' lang='lat' dir='ltr'><strong>Gabiniam</strong></span> <span class='ocrx_word' id='word_1_218' title='bbox 1095 3309 1198 3372; x_wconf 86' lang='lat' dir='ltr'><strong>sump-</strong></span> 
     </span>
    </p>
   </div>
   <div class='ocr_carea' id='block_1_3' title="bbox 246 3493 1197 3635">
    <p class='ocr_par' dir='ltr' id='par_1_3' title="bbox 246 3493 1197 3635">
     <span class='ocr_line' id='line_1_34' title="bbox 316 3493 1197 3568; baseline 0.002 -21"><span class='ocrx_word' id='word_1_219' title='bbox 316 3493 368 3564; x_wconf 71' lang='lat' dir='ltr'><strong>Ep.</strong></span> <span class='ocrx_word' id='word_1_220' title='bbox 387 3500 414 3562; x_wconf 77' lang='lat'><strong>2,</strong></span> <span class='ocrx_word' id='word_1_221' title='bbox 433 3501 456 3550; x_wconf 75' lang='lat' dir='ltr'><strong>l.</strong></span> <span class='ocrx_word' id='word_1_222' title='bbox 493 3496 593 3562; x_wconf 67' lang='lat' dir='ltr'><strong>dudda,</strong></span> <span class='ocrx_word' id='word_1_223' title='bbox 609 3513 630 3550; x_wconf 78' lang='lat' dir='ltr'><strong>u</strong></span> <span class='ocrx_word' id='word_1_224' title='bbox 646 3496 722 3564; x_wconf 88' lang='lat' dir='ltr'>(W.).</span> <span class='ocrx_word' id='word_1_225' title='bbox 750 3497 777 3551; x_wconf 82' lang='lat' dir='ltr'><strong>d.</strong></span> <span class='ocrx_word' id='word_1_226' title='bbox 796 3515 822 3552; x_wconf 83' lang='lat' dir='ltr'><strong>a.</strong></span> <span class='ocrx_word' id='word_1_227' title='bbox 838 3497 935 3568; x_wconf 72' lang='lat' dir='ltr'><strong>vulgo.</strong></span> <span class='ocrx_word' id='word_1_228' title='bbox 968 3526 1001 3538; x_wconf 90' lang='lat'>-</span> <span class='ocrx_word' id='word_1_229' title='bbox 1036 3495 1082 3553; x_wconf 69' lang='lat' dir='ltr'><strong>Tu</strong></span> <span class='ocrx_word' id='word_1_230' title='bbox 1098 3498 1147 3568; x_wconf 68' lang='lat' dir='ltr'><strong>qui</strong></span> <span class='ocrx_word' id='word_1_231' title='bbox 1164 3501 1197 3566; x_wconf 76' lang='lat' dir='ltr'><strong>(oz</strong></span> 
     </span>
     <span class='ocr_line' id='line_1_35' title="bbox 246 3563 816 3635; baseline 0.007 -19"><span class='ocrx_word' id='word_1_232' title='bbox 246 3563 305 3632; x_wconf 70' lang='lat' dir='ltr'><strong>qut)</strong></span> <span class='ocrx_word' id='word_1_233' title='bbox 324 3565 367 3618; x_wconf 79' lang='lat' dir='ltr'><strong>aia</strong></span> <span class='ocrx_word' id='word_1_234' title='bbox 386 3563 458 3631; x_wconf 87' lang='lat' dir='ltr'><strong>(edd.</strong></span> <span class='ocrx_word' id='word_1_235' title='bbox 476 3567 565 3635; x_wconf 61' lang='lat' dir='ltr'><strong>vem).</strong></span> <span class='ocrx_word' id='word_1_236' title='bbox 586 3565 640 3632; x_wconf 80' lang='lat' dir='ltr'><strong>Tu,</strong></span> <span class='ocrx_word' id='word_1_237' title='bbox 658 3568 707 3635; x_wconf 77' lang='lat' dir='ltr'><strong>qui</strong></span> <span class='ocrx_word' id='word_1_238' title='bbox 725 3569 768 3622; x_wconf 84' lang='lat' dir='ltr'><strong>aia</strong></span> <span class='ocrx_word' id='word_1_239' title='bbox 786 3566 816 3620; x_wconf 88' lang='lat' dir='ltr'><strong>B.</strong></span> 
     </span>
    </p>
   </div>
   <div class='ocr_carea' id='block_1_4' title="bbox 0 0 1266 3960">
    <p class='ocr_par' dir='ltr' id='par_1_4' title="bbox 0 0 1266 3960">
     <span class='ocr_line' id='line_1_36' title="bbox 0 0 1266 3960; baseline 0 0"><span class='ocrx_word' id='word_1_240' title='bbox 0 0 1266 3960; x_wconf 95' lang='lat' dir='ltr'><strong> </strong></span> 
     </span>
    </p>
   </div>
  </div>
 </body>
</html>
