2484 3974
213 265 475 322 EPISTOLARUM
492 267 542 321 AD
560 267 726 322 ATTlCUM
744 269 778 322 X.
799 277 824 324 4.
936 267 998 333 351

61 410 167 494 nesci03
189 431 275 494 nam,
297 411 529 490 sihaberemus
547 433 615 476 rem
637 413 809 498 publicam,
831 415 1001 479 consilium

62 498 128 562 nihi
155 520 223 564 non
256 499 382 564 deesset
410 521 470 564 nec
499 501 540 565 ad
568 501 771 566 severitatem
797 523 857 566 nec
886 503 925 567 ad
953 503 1001 567 in·

59 587 258 672 dulgentiam:
293 589 373 653 haec
408 589 474 654 sive
505 589 672 654 iracundia
702 591 770 655 sive
797 591 909 656 dolore
935 591 1002 657 sive

59 680 133 740 mein
154 679 322 761 permotus
344 679 473 762 gravius
496 677 624 762 scripsi,
656 696 753 764 quam
780 681 837 743 aut
862 683 937 743 tuus
966 681 1002 744 in

57 764 136 830 illum
165 784 257 832 amor
294 769 352 830 aut
386 787 476 830 meus
508 767 710 852 postulabat,
746 767 774 832 si
805 789 882 832 vera
918 773 1002 851 sunt,

57 852 204 938 ignosces,
235 855 265 918 si
295 855 392 938 falsa,
422 875 474 918 me
506 855 627 920 libente
658 856 774 940 eripies
805 855 885 920 mihi
915 855 1002 920 hunc

57 961 195 1006 errorem:
229 963 358 1027 quoquo
386 943 482 1009 modo
509 965 585 1008 vero
613 965 647 1008 se
670 966 721 1009 res
744 944 890 1029 habebit,
921 944 1003 1007 nihil

57 1030 226 1116 assignabis
248 1053 309 1096 nec
330 1035 447 1116 patruo
470 1053 530 1097 nec
551 1033 645 1116 patri.
745 1055 748 1062 ’

114 1117 217 1196 Quum
239 1119 320 1184 haec
342 1120 549 1206 scripsiesem,
572 1143 591 1185 a
612 1119 751 1186 Curione
773 1121 854 1186 mihi
876 1121 1030 1185 nuntia-r

55 1212 117 1272 tum
146 1211 196 1272 est
223 1227 297 1274 eum
326 1209 367 1274 ad
396 1231 448 1274 me
474 1210 597 1292 venire,
629 1213 761 1274 venerat
792 1210 879 1274 enim
909 1209 938 1274 is
968 1209 1004 1272 in

57 1293 227 1362 Cumanum
258 1299 383 1382 vesperi
414 1298 530 1382 pridie,
566 1297 600 1362 id
631 1302 681 1363 est
707 1297 831 1363 Idibus:
868 1298 896 1362 ei
928 1298 1004 1382 quid

56 1384 147 1469 igitur
177 1387 335 1452 eiusmodi
366 1407 470 1452 sermo
499 1387 567 1450 eius
596 1388 754 1470 attulerit,
786 1387 872 1471 quod
903 1386 945 1450 ad
971 1389 1004 1450 te

56 1473 250 1540 scribendum
273 1475 329 1561 sit,
351 1475 385 1540 id
406 1476 442 1539 in
464 1475 579 1540 litteris
603 1475 786 1562 adiungam.

114 1562 283 1628 Praeteriit
316 1564 425 1629 villam
464 1585 569 1628 meam
600 1561 698 1629 Curio
733 1563 889 1648 iussitque
925 1562 1033 1627 mihis

55 1651 189 1716 nuntiari
210 1673 287 1717 mox
310 1673 344 1716 se
360 1655 538 1733 ,venturum
561 1653 763 1738 cucurritque
785 1651 947 1736 Puteolos,
968 1655 1006 1716 ut

54 1739 96 1803 ibi
118 1741 372 1806 concionaretur:
408 1739 619 1806 concionatus
646 1745 709 1826 est,
739 1741 848 1826 rediit,
878 1741 1005 1806 suited

55 1848 100 1892 me
124 1849 198 1894 sane
222 1829 285 1894 diu.
318 1827 427 1894 Orem
449 1826 591 1894 foedam!
614 1830 701 1895 noeti
723 1829 901 1895 hominem:
923 1829 1006 1892 nihil

55 1917 232 2002 occultavit,
262 1918 298 1982 in
331 1918 442 2002 primis
469 1918 551 1982 nihil
578 1939 647 1984 esse
679 1919 810 2002 certius,
842 1937 938 2002 quam
969 1921 1007 1981 ut

56 2026 171 2090 omnes,
203 2006 260 2090 qui
290 2007 362 2091 lege
389 2005 544 2091 Pompeia
575 2005 780 2072 condemnati
807 2009 928 2088 essent,
958 2025 1006 2068 re·

54 2093 270 2177 allicerentur,
284 2095 394 2179 itaque
409 2116 442 2160 se
456 2095 492 2158 in
506 2093 615 2160 Sicilia
628 2114 739 2159 eorum
753 2115 851 2178 opera
863 2115 1007 2158 usurum.

54 2179 96 2246 De
121 2181 288 2268 Hispaniis
309 2204 378 2249 non
401 2183 584 2268 dubitabat,
615 2183 694 2266 quin
717 2179 863 2246 Caesaris
887 2184 1007 2264 esrent3

54 2270 123 2336 inde
133 2273 242 2356 ipsum
257 2292 330 2337 oum
346 2273 496 2358 exercitu,
517 2272 710 2355 ubicumque
727 2269 896 2354 Pompeius
910 2273 1007 2353 esset3

55 2359 116 2424 eius
132 2361 302 2425 interitum
315 2361 414 2425 finem
435 2361 518 2442 †illi
539 2361 623 2444 fore3
645 2361 742 2444 plane
764 2357 932 2432 iracundia
944 2358 1007 2422 ela·

55 2449 117 2513 tum
147 2449 289 2516 voluisse
316 2447 487 2516 Caesarem
513 2446 616 2514 occidi
642 2447 809 2513 Metellum
840 2447 1007 2511 tribunum

54 2536 100 2620 pl,
120 2538 255 2623 propius
276 2537 399 2604 iactum
422 2538 605 2622 essenihi13
628 2538 713 2623 quod
729 2537 756 2602 si
770 2540 855 2602 esset
876 2536 1008 2620 lactum,

54 2627 177 2691 caedem
209 2647 363 2714 magnam
397 2626 541 2692 futuram
576 2627 689 2691 fuisse:
725 2625 903 2710 permultos
932 2624 1007 2690 hor·

54 2716 170 2780 latores
194 2735 263 2780 esse
286 2715 401 2800 caedis,
422 2715 529 2800 ipsum
552 2719 660 2779 autem
679 2735 748 2780 non
760 2715 927 2779 voluntate
951 2716 1009 2778 aut

54 2807 166 2870 natura
196 2824 265 2868 non
296 2825 365 2868 esse
403 2803 577 2886 crudelem,
613 2802 670 2868 sed
702 2802 788 2886 quod
819 2803 1007 2886 popularem

53 2897 170 2969 cauea
198 2913 267 2957 esse
298 2893 515 2975 elementiam3
546 2891 632 2975 quod
664 2891 691 2956 si
722 2891 834 2975 populi
866 2889 1008 2953 studium

55 2981 217 3066 amisisset,
239 2981 399 3046 crudelem
411 2982 495 3064 fore;
517 3001 652 3064 eumque
666 2976 899 3064 perturbatum,
921 2976 1007 3061 quod
1127 3037 1128 3040 ,

55 3065 245 3156 intelligeret
279 3089 313 3134 ee
350 3069 437 3154 apud
471 3069 575 3153 ipsam
607 3068 733 3152 plebem
767 3065 936 3144 offendisse
968 3064 1008 3129 de

55 3159 187 3242 aerario,
209 3157 332 3242 itaque,
355 3159 385 3222 ei
407 3179 506 3242 quum
529 3157 741 3220 certissimum
762 3155 891 3237 fuisset,
918 3156 1007 3218 ante·

56 3263 146 3326 quam
168 3246 431 3330 proficisceretur,
454 3245 641 3311 concionem
660 3243 789 3327 habere,
812 3263 926 3306 ausum
941 3261 1008 3306 non

119 3401 171 3472 Ep.
191 3409 216 3470 4,
237 3409 261 3457 o.
292 3419 367 3457 auae
384 3403 450 3460 doec
466 3403 522 3456 siue
540 3403 656 3470 (c.—o=
675 3398 753 3468 ΟΜ
779 3399 823 3452 Μ.
841 3413 891 3452 aec
907 3413 928 3453 a.
947 3396 1007 3451 Ml.

55 3484 123 3526 acac
140 3489 161 3528 a.
182 3473 252 3542 (Ma,
270 3472 399 3543 Rldh.)?
435 3479 459 3528 8.
477 3473 534 3540 fuit
548 3473 585 3526 ud
598 3487 638 3526 me
654 3469 757 3539 (MRI,
771 3469 877 3540 vulgo).
895 3468 915 3536 f.
931 3466 1009 3536 opud

56 3555 91 3594 m
107 3545 144 3613 (l,
163 3545 225 3612 Bp?
243 3573 277 3584 -
297 3547 315 3611 †
332 3545 377 3598 elli
395 3543 531 3668 (Mltlgi
551 3542 688 3610 helidim,
702 3540 745 3611 Β.)
764 3542 814 3595 aut
830 3541 875 3595 illi
888 3540 912 3596 b.
932 3539 978 3609 (W
981 3541 1006 3608 .).
1106 3598 1108 3602 .

58 3638 87 3650 ··
100 3619 212 3682 putarer
225 3615 323 3684 popul.
342 3614 461 3684 (Racl.)?
504 3632 538 3668 m.
554 3617 616 3682 put.
635 3612 681 3666 Ml
687 3611 737 3685 dh.
