2608 3972
239 225 284 292 56
527 223 565 281 id
584 220 707 280 TULLH
725 221 917 281 clamatus·

239 389 322 464 puae
335 369 447 454 putavi
461 389 531 435 esso
549 369 714 454 praeclara
729 373 879 454 expertus
893 391 964 435 sum
978 391 1074 455 quam
1087 373 1202 437 essent
1297 365 1298 372 '

238 458 359 542 mania,
382 475 455 522 eum
469 457 619 523 omnibus
632 456 734 524 Musis
752 458 912 524 rationem
935 458 1054 524 habere
1077 459 1201 544 cogito.

212 545 290 610 s'Pu
312 548 422 610 tamen
436 545 475 610 de
489 542 601 612 Curtio
620 545 661 611 ad
683 568 734 611 me
757 547 896 612 rescribe
920 547 1046 629 certius,
1069 550 1101 611 et
1116 568 1201 613 num
1298 610 1299 630 ,

239 634 313 718 quis
337 633 373 698 in
401 634 470 698 eius
499 635 606 699 locum
637 638 768 718 paretur
795 637 829 699 et
855 634 932 719 quid
959 634 999 700 de
1025 633 1060 700 P.
1083 633 1200 700 Clodio
1298 633 1299 712 i

238 719 305 805 fiat,
327 724 361 786 et
380 722 498 807 omnia,
520 721 789 810 quemadmodum
811 721 981 807 polliceris,
1003 719 1056 787 ἐπὶ
1075 721 1200 806 σχολῆς
1298 769 1299 772 ,

239 809 342 875 scribe
364 814 410 893 et,
442 830 505 894 quo
528 809 579 876 die
601 809 707 875 Roma
727 813 761 875 te
784 811 944 876 exiturum
965 814 1073 896 putes,
1099 811 1201 876 uelim

239 898 280 962 ad
302 919 354 963 me
377 898 510 983 scribas,
541 902 580 963 ut
603 898 774 966 certiorem
799 902 833 963 ts
859 899 990 982 faciam,
1022 899 1138 983 quibus
1160 899 1201 964 in

237 986 317 1051 locis
344 985 472 1051 futurus
504 986 578 1069 sim,
610 986 842 1071 epistolamque
869 987 980 1052 statim
1008 986 1062 1052 des
1090 986 1130 1050 de
1155 987 1200 1052 iis

238 1074 344 1158 rebus,
366 1074 405 1140 de
427 1074 544 1159 quibus
558 1072 601 1140 ad
621 1077 654 1140 te
678 1075 799 1160 scripsi,
821 1074 913 1141 reida
936 1074 1023 1140 enim
1045 1077 1200 1160 exspecto

238 1166 312 1228 tuas
333 1162 470 1227 litteras.

692 1340 739 1405 VI

485 1457 543 1514 Sor.
566 1458 597 1514 in
619 1459 731 1514 Antiati
753 1475 778 1516 a.
797 1477 824 1514 u.
844 1475 867 1514 o.
887 1463 947 1516 tat.

525 1561 654 1620 CIOERO
674 1561 809 1621 tanco
829 1563 904 1621 SAL.

211 1689 225 1732 r
304 1670 396 1749 Quod
419 1673 481 1738 tibi
495 1673 714 1758 superioribus
735 1673 852 1738 litteris
874 1671 1094 1757 promiseram,
1115 1672 1199 1758 fore,

236 1764 382 1845 etopus
409 1763 550 1826 exstaret
574 1761 671 1828 huius
702 1761 985 1846 peregrinationis,
1015 1760 1098 1826 nihil
1130 1762 1200 1826 iam

236 1869 357 1935 magno
387 1871 483 1935 opere
509 1849 678 1933 confirm03
710 1850 755 1914 sic
787 1849 874 1914 enim
905 1871 977 1914 sum
1008 1849 1199 1933 complexus

237 1938 349 2022 otium,
371 1941 409 2003 ut
422 1938 463 2003 ab
477 1959 515 2004 eo
530 1937 638 2003 divelli
660 1959 728 2003 non
751 1957 879 2022 queam:
902 1937 1011 2021 itaque
1034 1940 1092 2002 aut
1103 1937 1200 2004 libris
1301 1989 1302 2010 ,

236 2047 288 2090 me
311 2025 449 2112 deiecto,
474 2047 612 2111 quorum
639 2025 745 2091 habeo
767 2024 860 2090 Antii
885 2024 1036 2090 festivam
1059 2025 1199 2110 copiam,
1301 2027 1302 2088 3

237 2117 294 2179 aut
315 2113 433 2180 fluctus
460 2135 597 2180 numero
620 2149 662 2160 -
685 2134 762 2178 nam
785 2113 826 2178 ad
852 2113 991 2178 lacertas
1018 2113 1198 2197 captandas

235 2206 445 2288 tempestates
458 2224 527 2269 non
541 2205 618 2267 sunt
630 2201 766 2268 idoneae
776 2225 832 2284 -3
845 2223 866 2265 a
880 2200 1048 2266 scribendo
1062 2222 1198 2285 prorsus

237 2291 389 2357 abhorret
415 2292 551 2358 animus.
591 2289 723 2356 Etenim
749 2284 977 2374 γεωγραφικά,
1010 2309 1091 2372 quae
1119 2311 1198 2354 oon-

237 2379 413 2464 stitueram,
436 2399 591 2462 magnum
604 2400 687 2461 opus
701 2381 762 2442 est:
785 2377 832 2442 ita
844 2377 938 2442 valde
951 2375 1198 2461 Eratosthenes,

236 2486 333 2548 quem
359 2465 439 2529 mihi
466 2487 713 2549 proposueram,
740 2487 760 2528 a
783 2463 958 2550 Serapione
987 2467 1021 2530 et
1049 2465 1091 2529 ab
1113 2463 1197 2550 Hip·
1226 2488 1231 2497 ·

235 2551 357 2637 parcho
379 2551 638 2636 reprehenditur,
661 2552 737 2635 quid
760 2573 880 2636 censes,
903 2554 930 2618 si
953 2551 1120 2637 Tyrannio
1144 2575 1197 2618 ac·

236 2639 389 2705 cenarit?
420 2643 454 2705 et
475 2640 605 2705 hercule
627 2643 705 2705 sunt
726 2660 778 2705 res
801 2640 946 2706 difficiles
969 2641 1010 2704 ad
1034 2641 1197 2725 explican—

236 2728 314 2792 dum
336 2731 370 2792 et
391 2720 556 2812 ὁμοειδεῖς
580 2748 640 2792 nec
666 2731 734 2792 tam
761 2732 900 2812 possunt
925 2721 1197 2814 ἄνθηρογραφεῖ-

236 2821 334 2898 σθαι,
361 2837 459 2901 quam
485 2816 691 2899 videbantur,
718 2819 763 2900 et,
795 2817 881 2900 quod
903 2820 1002 2901 eaput
1024 2819 1086 2901 est,
1113 2817 1197 2882 mihi

236 2905 367 2990 quaevis
395 2905 474 2970 satis
500 2905 587 2970 iusta
618 2925 715 2969 causa
747 2904 894 2970 cessandi
920 2907 981 2985 est,
1013 2905 1069 2988 qui
1096 2905 1197 2970 etiam

236 2992 393 3077 dubitem,
429 3014 472 3057 an
501 2992 555 3057 hie
586 2990 680 3056 Antii
712 2991 878 3056 considam
907 2994 940 3055 et
970 2991 1033 3056 hoc
1064 2994 1196 3076 tempus

236 3102 332 3147 omne
363 3102 566 3165 consumam,
596 3080 652 3144 ubi
679 3079 809 3164 quidem
836 3101 853 3144 e
877 3100 896 3144 ο
924 3079 1054 3143 mallem
1080 3078 1197 3145 duum·

235 3170 340 3234 virum
363 3191 460 3253 quam
482 3167 604 3234 Romae
632 3186 678 3232 mc
700 3167 809 3233 fuisse.
916 3187 993 3231 uero
1016 3167 1196 3251 sapientior

236 3256 390 3323 Buthroti
413 3257 545 3323 domum
566 3255 702 3341 parasti,
725 3254 794 3339 sed,
816 3253 1024 3340 mihicrede,
1045 3256 1197 3339 proxima

299 3468 351 3537 Ep.
369 3474 394 3535 6,
414 3476 437 3526 1.
454 3471 559 3526 Romae
574 3485 617 3524 mo
632 3469 720 3534 fuisso
736 3471 796 3538 (la).
826 3469 941 3526 Omma
957 3470 1053 3542 ΗΜ,
1072 3475 1143 3544 aot,
1161 3477 1195 3536 B.

232 3533 275 3588 An
293 3535 401 3590 multem
417 3552 459 3590 me
475 3538 503 3591 d.
520 3553 545 3605 q.
563 3537 599 3592 R.
617 3537 638 3602 s.
657 3537 686 3603 (l.
702 3553 800 3606 margo
820 3541 915 3604 1584)?
