2574 3966
239 187 307 254 472
525 188 564 245 M.
583 187 707 244 TULLII
724 187 914 246 CICERONIS

677 365 766 434 XIV.

377 484 435 542 Sor.
454 485 485 542 in
505 486 634 558 Arpinati
653 505 748 544 mense
767 488 846 545 Iunio
865 506 890 544 a.
909 507 936 544 u.
955 507 977 544 c.
999 495 1057 546 709.

512 592 661 649 GICERO
678 593 830 652 ATTICO
848 594 930 651 SAL.

213 722 225 764 ι
306 698 434 766 Brinnii
456 681 606 787 libertus,
628 702 760 768 coheres
782 707 909 788 noster,
932 704 1061 788 scripsit
1081 703 1119 768 ad
1140 727 1186 769 me

239 789 333 873 velle,
366 789 394 854 si
420 791 500 856 mihi
527 792 683 876 placeret,
714 791 886 857 coheredes
918 813 952 856 se
981 796 1015 856 et
1042 790 1186 857 Sabinum

108 960 113 965 .
239 875 372 942 Albium
396 878 436 942 ad
460 900 510 944 me
524 879 648 945 venire:
670 878 705 943 id
718 900 779 965 ego
802 880 898 964 plane
921 880 1013 964 nolo;
1036 880 1187 945 hereditas

238 965 323 1030 tanti
345 987 413 1032 non
436 969 493 1053 est,
517 971 550 1032 et
571 970 681 1032 tamen
702 968 791 1034 obire
815 968 973 1033 auctionis
996 969 1080 1034 diem
1101 968 1187 1032 facile

238 1057 393 1138 poterunt
417 1091 455 1101 —
480 1060 530 1122 est
552 1056 639 1120 euim
660 1074 708 1121 111.
730 1055 807 1122 Idus
829 1093 880 1140 -,
904 1057 931 1121 si
953 1077 1005 1120 me
1028 1057 1064 1122 in
1078 1056 1187 1121 Tuscu·

238 1142 314 1207 lano
346 1143 500 1228 postridie
526 1142 641 1210 Nonas
673 1166 768 1209 mane
800 1145 1024 1229 convenerint,
1057 1144 1187 1228 quodsi

238 1229 341 1294 laxius
364 1232 475 1296 volent
500 1232 644 1317 proferre
672 1233 770 1317 diem,
801 1236 957 1317 poterunt
983 1233 1036 1297 vel
1063 1233 1186 1298 biduum

238 1319 289 1383 vel
311 1317 454 1384 triduum
477 1321 541 1405 vel,
572 1323 610 1384 ut
632 1320 806 1405 videbitur,
833 1321 917 1386 nihil
940 1321 1026 1386 enim
1049 1320 1186 1386 interest:

239 1428 351 1490 quare,
382 1409 446 1473 uisi
476 1409 542 1473 iam
571 1409 709 1492 profecti
739 1412 827 1493 sunt,
858 1409 1012 1474 retinebis
1039 1409 1186 1474 homines.

210 1491 287 1558 aDe
309 1493 422 1580 Bruto,
446 1496 473 1560 si
496 1497 573 1580 quid
596 1498 707 1584 egerit,
730 1498 769 1562 do
787 1495 933 1582 Caesare,
955 1497 983 1562 si
1006 1497 1084 1582 quid
1106 1497 1185 1580 scies,

237 1582 266 1647 si
288 1583 365 1666 quid
388 1584 449 1649 erit
475 1588 655 1669 praetereo,
688 1585 815 1670 scribes.
860 1585 945 1651 Illud
972 1585 1071 1651 etiam
1099 1588 1184 1669 atque
1266 1597 1267 1606 ³

237 1670 335 1735 etiam
371 1672 554 1739 consideres
589 1674 701 1758 velim,
737 1674 904 1758 placeatne
940 1673 1000 1738 tibi
1033 1674 1118 1738 mitti
1149 1671 1183 1736 ad

237 1756 432 1844 Varronem,
464 1760 551 1846 quod
577 1761 776 1845 scripsimus3
808 1763 868 1826 etsi
898 1762 996 1826 etiam
1019 1762 1060 1825 ad
1082 1765 1114 1826 te
1135 1761 1181 1824 ali·

237 1846 314 1932 quid
336 1849 490 1935 pertinet,
520 1871 598 1914 nam
626 1851 706 1915 scito
729 1852 762 1914 te
792 1850 822 1914 ei
849 1849 978 1935 dialogo
1007 1849 1181 1914 adiunctum

236 1955 306 2005 esse
344 1937 485 2002 tertium.
535 1936 659 2022 Opinon
689 1938 790 2023 igitur
796 1989 805 2023 ,
842 1938 1097 2022 consideremus3
1130 1936 1180 2001 etsi
1265 1991 1266 1996 ,

234 2023 370 2089 nomina
391 2025 457 2090 iam
479 2025 568 2090 facta
591 2029 681 2110 sunt,
713 2026 768 2091 sed
798 2027 849 2091 vel
871 2027 980 2091 induci
1002 2028 1054 2092 vel
1076 2024 1179 2090 mutan'

235 2117 380 2197 possunt.

681 2235 753 2302 xv.
836 2200 838 2204 ’

326 2355 384 2411 Sor.
402 2356 432 2411 in
449 2356 581 2426 Arpinati
598 2356 633 2412 V.
652 2357 713 2412 Kal.
738 2356 891 2423 Quinctiles
911 2373 934 2414 a.
953 2375 981 2414 n.
1000 2375 1023 2414 c.
1044 2365 1103 2413 709.

507 2461 655 2517 OIOERO
674 2461 826 2517 ATTICO
843 2462 927 2517 SAL,

303 2566 386 2644 Quid
401 2571 478 2655 agit,
501 2570 634 2635 obsecro
648 2573 691 2654 te,
713 2569 825 2634 Attica
837 2569 972 2635 nostra?
993 2593 1072 2635 nem
1085 2558 1179 2635 triduo
1264 2563 1265 2594 r

236 2658 294 2722 abs
316 2659 349 2720 te
371 2657 478 2722 nullas
502 2679 700 2741 acceperam3
732 2678 792 2722 uec
821 2658 951 2742 mirum,
982 2680 1078 2723 nemo
1106 2659 1179 2723 enin

235 2749 368 2811 venerat
389 2766 449 2810 uec
469 2745 607 2810 fortasse
621 2767 719 2810 causa
732 2745 850 2810 fuerat:
873 2747 982 2830 itaque
1005 2747 1083 2832 ipse,
1106 2745 1179 2831 quod

236 2835 417 2918 scriberem,
439 2855 507 2898 nou
525 2833 699 2918 habebam,
722 2856 786 2918 quo
801 2836 907 2899 autem
923 2835 973 2900 die
986 2834 1046 2899 has
1061 2833 1179 2900 Valerio

236 2923 362 3006 dabam,
382 2921 606 3006 exspectabam
620 2923 760 3006 aliquem
774 2943 928 3006 meorum,
942 2922 997 3007 qui
1011 2924 1039 2987 si
1052 2924 1181 2987 venisset

236 3014 269 3074 et
300 3033 320 3075 a
345 3015 379 3075 te
407 3009 483 3094 quid
508 3010 691 3102 attulisset,
722 3009 870 3076 videbam
899 3021 966 3075 non
999 3010 1181 3093 defuturum,

236 3098 322 3182 quod
345 3098 525 3163 scriberem.

307 3235 360 3306 Ep.
382 3242 423 3305 14,
444 3243 467 3290 1.
496 3238 621 3304 libertus,
639 3236 743 3292 coheres
757 3276 764 3290 .
780 3277 786 3290 .
802 3279 809 3291 .
823 3236 959 3291 coheredes
978 3236 1045 3305 (Zb,
1064 3254 1087 3292 o.
1105 3253 1132 3292 or
1149 3235 1181 3304 G,
1263 3233 1264 3270 l

235 3306 296 3374 lai,
315 3306 364 3361 sed
382 3307 436 3361 hae
453 3309 510 3362 tres
524 3309 635 3377 piaret).
655 3305 715 3362 Om.
734 3311 825 3361 meter
839 3349 845 3361 .
861 3348 867 3362 .
884 3349 889 3361 .
905 3307 1040 3362 coheredes
1058 3307 1124 3362 MR
1141 3308 1179 3362 id.

236 3376 374 3430 coheredes
391 3374 494 3431 omisso
513 3379 617 3432 coheres
632 3419 638 3432 .
653 3418 659 3431 .
675 3419 681 3432 .
691 3378 733 3446 pl.
752 3376 920 3443 Hoffmann,
939 3377 969 3432 B.
988 3407 1023 3418 -
1040 3393 1068 3432 se
1085 3382 1110 3432 ct
1124 3377 1178 3432 Sat

237 3444 353 3512 (Ursin.;
377 3447 425 3501 aed
442 3446 471 3502 S.
490 3447 520 3516 1.,
543 3454 591 3516 aa,
610 3465 633 3504 c.
652 3464 680 3502 o:
700 3446 748 3517 0.).
781 3452 806 3502 et
823 3448 852 3502 S.
872 3448 941 3515 (Ml,
960 3453 1007 3516 al,
1025 3447 1053 3516 l.‚
1072 3447 1181 3517 Klotz.)?

236 3515 279 3568 ait
297 3514 325 3568 S.
345 3515 404 3583 Me,
422 3515 455 3568 R.
475 3518 516 3584 cit
533 3523 558 3572 et
576 3517 605 3573 S.
624 3517 782 3574 Hoffmann.
803 3517 884 3588 conj,
901 3519 932 3572 B.
