2484 3974
202 193 462 252 EPISTOLARUM
480 195 530 252 AD
548 194 714 252 ATTIOUM
735 195 770 251 X.
791 203 814 250 7.
834 202 859 251 8.
945 194 1011 260 357

62 341 103 422 te,
136 337 211 424 quid
243 338 283 404 da
315 361 354 404 ea
384 361 419 404 re
451 340 603 425 sentiam,
634 339 782 406 seribere.
835 337 1041 408 Consilium!

62 425 142 491 istud
163 431 233 492 tum
247 430 333 492 esset
354 426 505 512 prudens,
526 431 565 492 ut
581 427 662 492 mihi
675 429 811 511 videtur,
833 427 861 493 si
883 432 1014 494 nostras

61 514 194 580 rationes
231 514 272 581 ad
308 514 558 601 Hispaniensem
594 537 704 582 easum
740 516 1014 582 accommodatus

62 607 208 686 essemus3
240 603 327 689 quod
349 604 417 669 fieri
441 605 504 688 *⁸3
535 625 666 670 neeesse
693 608 744 670 est
771 605 856 668 enim
880 610 949 689 aut,
980 605 1014 670 id

62 689 139 776 quod
165 693 303 758 maxime
330 693 441 777 velim,
471 691 549 778 pelli
575 693 675 760 istum
702 693 743 757 ab
770 691 930 777 Hispania
958 697 1016 758 aut

61 779 139 854 trahi
169 780 202 845 id
234 781 355 846 bellum
386 785 443 846 aut
474 781 587 866 istum,
618 784 656 847 ut
687 781 848 846 confidere
878 781 1015 866 ridetur,

63 868 292 952 apprehendere
318 868 508 954 Hispanias:
540 870 568 936 si
599 870 744 955 pellitur,
774 891 872 954 quam
901 874 1015 954 gratus

18 1021 20 1026 .
63 959 113 1020 aut
133 979 231 1042 quam
252 957 409 1024 honestus
435 961 507 1023 tum
533 958 596 1022 erit
623 957 663 1024 ad
685 956 876 1043 Pompeium
903 961 1016 1026 noster

64 1043 224 1132 adventus,
256 1068 356 1132 quum
387 1047 494 1131 ipsum
526 1043 700 1112 Curionem
732 1046 772 1110 ad
803 1068 877 1112 eum
909 1049 1015 1112 traus-

64 1132 174 1200 iturum
195 1133 329 1220 putem?
360 1135 388 1200 si
409 1133 550 1200 trahitur
571 1135 706 1219 bellum,
733 1134 811 1220 quid
833 1137 1015 1219 exspectem

66 1224 115 1286 aut
139 1221 314 1307 quamdiu?
329 1233 332 1249 '
349 1223 555 1309 relinquitur,
583 1226 634 1308 ut,
661 1224 688 1289 si
715 1223 873 1288 vincimur
899 1223 935 1288 in
956 1221 1015 1288 Hi-

64 1310 177 1394 spania,
200 1311 416 1397 quiescamus:
439 1311 473 1376 id
487 1332 548 1397 ego
562 1315 676 1378 eontra
696 1316 793 1396 puto,
815 1311 915 1378 istum
928 1311 1016 1378 enim

63 1397 209 1464 victorem
240 1401 346 1488 magis
377 1400 623 1485 relinquendum
654 1404 733 1486 puto
766 1421 863 1484 quam
894 1399 1015 1465 vietum

62 1489 93 1550 et
121 1486 322 1555 dubitantem
353 1489 457 1575 magis
490 1511 588 1574 quam
618 1489 771 1554 fidentem
808 1488 874 1554 suis
910 1488 1015 1571 rebus,

63 1596 133 1640 uam
155 1576 284 1642 eaedem
306 1577 409 1663 video,
432 1577 460 1642 si
475 1576 596 1661 vicerit,
619 1580 653 1642 et
674 1577 830 1661 impetum
852 1576 888 1640 in
910 1576 1015 1661 priva

63 1667 163 1730 torum
184 1666 338 1750 pecunias
352 1669 386 1730 et
408 1667 553 1731 exsulum
573 1665 712 1731 reditum
726 1668 759 1729 et
770 1665 900 1730 tabulas
913 1686 1015 1731 novas

64 1754 93 1816 et
121 1753 379 1838 turpissimorum
414 1753 555 1822 honores
587 1757 621 1818 et
650 1775 788 1840 regnum
819 1775 888 1819 non
918 1753 1015 1819 modo

19 1871 20 1876 ¹
64 1838 202 1908 Romano
231 1841 370 1926 homini,
402 1841 458 1907 sed
485 1864 527 1908 ne
553 1841 672 1908 Persae
704 1841 833 1928 quidem
865 1841 1015 1928 cuiquam

64 1929 230 1996 tolerabile.
276 1929 389 1997 Tacita
420 1951 489 1996 esse
520 1931 641 2016 poterit
670 1930 849 2016 indignitas
881 1929 1016 1995 nostra?

65 2018 125 2099 pati
159 2021 314 2104 poterunt
350 2019 435 2085 oouli
466 2041 517 2085 me
547 2041 621 2084 oum
650 2015 788 2083 Gabinio
821 2017 1016 2082 sententiam

66 2103 168 2190 dicere,
191 2110 226 2171 et
247 2106 376 2192 quidem
397 2107 490 2174 illum
511 2107 621 2192 rogari
642 2105 759 2190 prius?
793 2108 923 2189 praesto
947 2126 1015 2170 esse

66 2189 206 2260 clientem
218 2199 312 2261 tuum
326 2193 484 2281 Clodium,
497 2193 532 2262 Ο.
545 2194 634 2260 Ateii
646 2193 858 2280 Plsguleium,
872 2191 1017 2258 eeteros?

67 2281 113 2348 sed
135 2304 193 2348 eur
214 2283 363 2349 inimicos
386 2285 513 2370 colligo,
536 2284 592 2369 qui
608 2305 697 2348 meos
720 2281 919 2348 necessarios
932 2303 952 2344 a
965 2301 1017 2346 me

66 2369 206 2438 defensos
228 2393 288 2438 nee
311 2371 418 2437 videre
431 2373 467 2438 in
481 2373 570 2438 ouria
588 2372 658 2436 sine
681 2371 791 2438 dolore
813 2390 874 2435 nee
896 2368 1017 2435 versari

67 2457 219 2526 intereos
243 2460 312 2526 sine
333 2460 486 2528 dedecore
508 2460 645 2546 potero?
668 2459 754 2544 quid,
777 2459 805 2524 si
826 2479 869 2524 ne
890 2457 925 2524 id
948 2457 1016 2542 qui·

68 2545 129 2613 dem
151 2552 203 2614 est
224 2549 426 2634 exploratum
448 2550 519 2615 lore
540 2552 579 2614 ut
599 2548 680 2614 mihi
702 2549 855 2614 liceat-
872 2547 1018 2612 scribunt

68 2637 143 2702 enim
170 2633 212 2702 ad
238 2658 290 2702 me
318 2637 412 2702 amiei
439 2637 508 2702 eius
534 2659 586 2702 me
613 2637 662 2702 illi
690 2638 781 2702 nullo
804 2634 901 2701 modo
924 2634 1017 2700 satis·

68 2721 180 2810 fecisse,
202 2726 288 2810 quod
310 2725 346 2791 in
368 2730 517 2791 senatum
539 2747 608 2790 non
620 2725 764 2791 venerim
777 2723 843 2788 -l
865 2727 1017 2788 tamenne

69 2809 248 2896 dubitemus,
271 2835 314 2878 an
328 2814 357 2879 ei
377 2835 437 2880 nos
452 2814 550 2879 etiam
563 2833 637 2878 oum
651 2813 792 2898 periculo
806 2811 1017 2894 venditemus,

70 2902 188 2983 quicum
209 2902 375 2968 eoniuneti
397 2923 438 2968 ne
461 2923 535 2968 oum
556 2901 700 2987 praemio
714 2900 844 2986 quidem
856 2898 1016 2965 voluimus

70 2989 150 3055 esse?
189 2988 316 3055 Deinde
336 2989 400 3056 hoe
421 2991 504 3074 ride,
525 3011 595 3055 non
616 3011 686 3056 esse
708 2988 862 3054 iudicium
885 2986 925 3052 de
946 2989 1044 3050 totas

128 3181 215 3308 upra
242 3187 268 3237 a.
299 3183 375 3238 atad
393 3187 451 3236 tam
469 3181 544 3306 (w,
575 3183 595 3238 ι.
614 3185 681 3236 am
698 3179 792 3250 vulgo.
819 3208 852 3218 —
878 3177 940 3246 fieri
958 3179 1019 3244 ”a
1096 3159 1101 3165 ’

72 3263 114 3307 aee.
126 3254 145 3390 ἱ
207 3224 262 3322 Il).
280 3253 302 3320 f.
320 3269 378 3310 aon
390 3255 504 3322 puteat(
582 3252 711 3320 fiaeqait
724 3248 820 3317 Koch,
834 3248 890 3318 B.);
908 3247 1018 3384 affl.)

72 3323 374 3464 antdffipraffl.
395 3321 668 3463 §.bauljpppffl
684 3324 879 3474 ”Emollpdtlliii
893 3318 1020 3443 lauterii

73 3457 147 3534 (Or.)?
177 3464 252 3519 aid
268 3468 303 3519 tr.
323 3463 409 3532 (wll
441 3465 521 3519 siud
538 3467 571 3518 tr.
595 3463 647 3518 Ml
669 3463 690 3518 t.
710 3459 803 3529 duna,
821 3477 847 3515 aa
865 3477 926 3514 eum
943 3459 1017 3514 tat.

73 3525 179 3591 Baitero.
216 3541 241 3591 8.
260 3535 433 3606 auimatum
448 3534 508 3603 fora
525 3537 558 3588 ut
576 3533 623 3602 (W
625 3535 651 3604 .).
670 3549 701 3602 a,
717 3532 749 3602 f,
767 3537 799 3588 ut
816 3531 910 3602 vulgo.
