2608 3972
227 233 271 296 46
511 233 549 288 Μ.
568 231 691 288 TULLII
709 231 902 288 CICERONIS

228 399 296 443 non
319 397 422 443 essem
444 399 541 442 ausus
564 379 704 462 mittere,
730 379 794 443 nisi
821 400 895 444 eum
921 379 1008 442 lente
1032 399 1070 442 ae
1092 377 1186 443 fasti-

201 466 317 530 adiose
339 467 572 550 probavissem,
599 488 794 550 quamquam
821 466 862 531 ad
889 489 940 530 me
969 467 1098 550 scripsit
1120 467 1188 531 iam

228 554 344 619 Rhodo
357 553 549 620 Posidonius
568 577 611 637 se,
632 559 780 620 nostrum
803 555 883 619 illud
896 549 1077 638 ὑπόμνημα
1090 576 1190 637 quam

227 644 366 728 legeret,
394 643 479 727 quod
503 664 563 729 ego
587 644 628 709 ad
655 664 741 727 eum,
768 647 806 708 ut
833 643 977 708 ornatius
1006 643 1044 706 de
1071 643 1187 707 iisdem

228 733 325 797 rebus
347 732 508 815 scriberet,
530 732 689 815 miseram,
711 753 779 796 non
801 732 898 797 modo
920 752 988 795 non
1011 731 1187 796 excitatum

229 841 297 886 esse
331 820 372 885 ad
404 820 708 901 scribendum„sed
736 820 834 884 ctiam
860 822 957 904 plane
984 820 1190 902 deterritum

229 909 305 994 quid
333 907 482 994 quaeris?
518 905 708 974 contuibavi
736 906 891 972 Graecam
918 909 1097 973 nationem:
1130 909 1189 992 ita,

228 999 327 1084 vulgo
351 999 407 1082 qui
428 997 604 1081 instabant,
626 999 664 1061 ut
686 995 795 1060 darem
819 997 890 1079 sibi,
913 997 998 1082 quod
1022 1001 1189 1080 ornarent,

227 1088 294 1152 iam
321 1086 470 1152 exhibere
497 1086 577 1151 mihi
608 1085 788 1150 molestiam
820 1084 1021 1149 destiterunt.
1063 1085 1126 1169 Tu,
1159 1087 1188 1149 si

228 1175 288 1240 tibi
311 1176 468 1259 placuerit
489 1175 579 1258 liber,
602 1174 738 1258 curabis,
760 1177 797 1238 ut
820 1178 853 1238 et
865 1173 1003 1238 Athenis
1028 1173 1071 1238 sit
1093 1178 1127 1240 et
1150 1175 1186 1237 in

230 1263 343 1328 ceteris
366 1263 493 1346 oppidis
507 1261 672 1345 Graeciae3
695 1263 822 1328 videtur
845 1263 931 1326 enirn
954 1283 1048 1346 posse
1063 1262 1188 1345 aliquid

203 1351 351 1416 suostris
374 1351 469 1415 rebus
492 1350 572 1415 lucis
596 1350 717 1415 afferre.
763 1349 989 1415 oratiunculas
1022 1354 1131 1414 autem
1154 1355 1188 1414 ct

230 1461 310 1524 quas
341 1440 487 1525 postulas
519 1442 552 1503 et
582 1440 690 1524 plures
722 1439 821 1503 etiam
852 1439 995 1522 mittam,
1032 1440 1188 1522 quoniam

230 1527 359 1612 quidem
391 1549 442 1611 ea,
473 1549 555 1611 quae
582 1549 642 1592 nos
673 1527 840 1592 scribimus
873 1527 1187 1592 adolescentulorum

231 1615 345 1697 stadiis
368 1617 511 1699 excitati,
533 1619 566 1680 te
590 1615 686 1680 etiam
710 1615 884 1699 delectant3
910 1615 974 1680 fuit
997 1616 1083 1680 enim
1106 1616 1187 1680 mihi

231 1705 443 1788 commodum,
466 1704 551 1788 quod
574 1704 677 1768 ineis
701 1704 911 1788 orationibus,
933 1725 1015 1788 qnae
1029 1703 1187 1788 Philippi·

231 1813 286 1857 cae
309 1792 528 1875 nominentur,
550 1792 711 1857 enituerat
732 1793 810 1856 civis
833 1793 886 1856 ille
905 1795 980 1856 tuus
994 1791 1186 1856 Demosthe-

230 1901 288 1945 nes
312 1885 344 1945 et
362 1881 446 1964 quod
470 1902 503 1944 se
523 1880 639 1944 abhoc
654 1880 873 1945 refractariolo
895 1881 1036 1945 iudiciali
1060 1880 1188 1945 dicendi

232 1989 348 2055 genere
367 1969 566 2052 abiunxerat,
587 1972 625 2032 ut
648 1965 845 2052 σεμνότερός
866 1991 916 2044 τις
937 1966 993 2032 καὶ
1015 1965 1187 2032 πολιτικαί·

230 2080 325 2143 τερος
346 2057 515 2140 videretur,
538 2077 658 2141 curare,
680 2060 718 2120 ut
739 2078 829 2121 meae
853 2078 979 2142 quoque
994 2061 1102 2122 essent
1116 2078 1188 2122 ora·

230 2147 347 2229 tiones,
370 2166 451 2230 quae
474 2146 658 2210 consulares
681 2146 938 2210 nominarentur:
963 2167 1098 2229 quarum
1121 2167 1188 2210 una

232 2235 338 2308 estin
361 2237 476 2299 senatu
499 2233 571 2298 Kal.
590 2233 759 2318 Ianuariis,
781 2235 883 2298 altera
905 2234 947 2298 ad
968 2235 1125 2319 populum
1149 2234 1188 2298 de

231 2323 303 2407 lege
326 2324 462 2406 agraria,
483 2323 579 2386 tertia
602 2323 641 2386 de
665 2321 802 2406 Othone,
824 2325 939 2406 quarta
962 2344 1020 2406 pro
1043 2321 1188 2404 Rabirio,
1291 2339 1292 2342 ’

233 2410 345 2492 quinta
368 2409 406 2473 de
429 2409 682 2493 proscriptorum
704 2411 914 2494 filiis,'sexta,
937 2433 1036 2494 quum
1058 2411 1187 2494 provin-

233 2497 315 2560 ciam
337 2497 372 2561 in
395 2497 548 2562 concione
568 2498 709 2582 deposui,
733 2499 877 2581 septima,
900 2521 999 2582 quum
1014 2495 1189 2563 Catilinam

233 2585 337 2668 emisi,
364 2587 491 2670 octava,
518 2606 615 2669 quam
641 2584 740 2650 habui
768 2587 808 2652 ad
840 2587 996 2671 populum
1023 2588 1189 2672 postridie,

234 2693 329 2755 quam
353 2669 492 2740 Catilina
514 2673 667 2759 profugit,
688 2694 776 2739 nona
798 2675 834 2739 in
856 2676 1025 2759 concione,
1049 2697 1112 2758 quo
1137 2675 1189 2740 die

233 2759 426 2847 Allobroges
457 2762 706 2847 †invocaruut,
738 2762 860 2827 decima
886 2764 922 2828 in
945 2768 1059 2827 senatu
1082 2762 1190 2829 Nonis

233 2847 479 2933 Decembribus3
515 2854 592 2914 sunt
627 2855 793 2934 praeterea
825 2852 905 2916 dnae
937 2851 1063 2936 breves,
1095 2854 1190 2936 quasi

233 2931 487 3022 ἆποσπασμάτια
522 2939 604 3024 legis
641 2940 794 3023 agrariae.
846 2935 917 3004 Hoc
950 2943 1057 3004 totum
1093 2941 1190 3024 ccipe

233 3027 351 3092 curabo
375 3030 412 3090 ut
438 3025 571 3109 habeas,
603 3031 648 3110 et,
680 3026 832 3112 quoniam
863 3031 896 3091 te
928 3050 1027 3112 quum
1059 3029 1191 3113 scripta,

232 3118 303 3180 tum
324 3135 375 3181 res
398 3135 488 3180 meae
512 3114 680 3200 delectant,
702 3116 815 3180 iisdem
839 3135 876 3179 ex
899 3116 989 3180 libris
1012 3118 1190 3201 perspicies

232 3207 265 3266 et
295 3223 377 3289 quae
417 3203 572 3290 gesserim
603 3207 636 3268 et
668 3225 748 3288 quae
780 3203 925 3269 dixerim:
962 3209 1017 3269 aut
1053 3226 1095 3269 ne
1131 3227 1191 3290 po·

303 3429 354 3498 Ep.
375 3435 398 3495 1,
418 3436 443 3486 2.
462 3431 619 3488 deterritum
633 3433 673 3502 (l.)
688 3438 759 3502 pert.
777 3433 871 3503 vulgo.
909 3424 940 3487 3(
953 3438 1016 3488 taus
1034 3431 1190 3488 Demosthe-

232 3513 279 3552 acs
298 3499 413 3568 (vulgo).
432 3505 451 3555 t.
471 3501 530 3572 [12]
549 3521 596 3561 m..
614 3502 644 3556 Β,
663 3533 696 3542 -
716 3523 756 3568 τις
771 3523 818 3558 και
837 3503 884 3570 (Z,
903 3503 961 3574 Ill,
980 3503 1085 3573 colb).
1104 3523 1145 3566 τις
1165 3509 1191 3559 et

233 3563 272 3636 (Μ
278 3568 339 3640 Bp?
358 3569 535 3640 iuvclparuat
559 3573 608 3642 (b.)
627 3574 677 3628 aut
694 3573 857 3629 indicarunt
874 3575 944 3647 (m).
