2484 3974
252 270 317 336 326
536 271 573 326 Μ.
593 269 716 326 TULLII
733 267 923 326 CICERONIS

252 418 279 482 si
301 415 363 500 hic,
386 438 450 501 qua
471 415 596 481 ratione
610 415 739 480 initium
752 415 837 499 fecit,
860 416 971 481 eadem
997 420 1104 482 cetera
1126 419 1197 502 aget,

251 505 386 588 sincere,
408 508 598 590 temperate,
620 504 807 589 prudenter,
829 505 922 569 valde
945 506 1056 570 videro
1079 509 1113 570 et
1134 527 1196 570 ocn-

212 613 238 653 10
251 594 421 659 sideratius
456 593 590 658 utilitati
621 596 751 658 nostrae
783 593 1004 658 consuluero.“
1048 608 1106 659 vn.
1133 591 1197 657 ldus

250 682 385 747 Martias
417 682 529 746 scribis
560 679 726 747 Peducaeo
762 703 889 766 quoque
920 685 1034 747 nostro
1070 682 1197 766 probari,

250 771 337 856 quod
364 771 512 856 quierim,
544 771 633 834 cuius
666 771 841 835 auctoritas
872 772 1010 836 multura
1040 771 1127 855 apud
1155 789 1196 834 me

249 861 345 925 valet.
388 857 450 924 His
473 880 534 944 ego
557 859 622 923 tuis
646 858 772 943 seriptis
794 881 846 922 me
870 860 1035 945 consolor,
1066 863 1106 924 ut
1127 858 1196 923 nihil

250 971 270 1012 a
292 965 343 1012 rne
371 947 475 1012 adhuc
503 947 654 1012 delictum
680 950 800 1032 putem.
844 947 893 1013 Tu
916 947 1013 1014 modo
1036 948 1195 1026 auctorita-

249 1039 316 1100 tem
343 1040 433 1100 tuam
460 1035 637 1100 defendite:
669 1035 822 1100 adversus
852 1057 903 1101 me
930 1036 1013 1100 nihil
1041 1059 1123 1120 opus
1149 1038 1196 1117 esi,

249 1124 318 1190 sed·
329 1125 465 1190 consciis
489 1146 568 1210 egeo
592 1125 671 1189 aliis.
715 1123 798 1210 Ego,
821 1125 849 1188 si
870 1125 952 1189 nihil
974 1125 1116 1209 peccavi,
1136 1123 1196 1188 reli-

249 1232 314 1298 qua
335 1214 463 1278 tuebor:
486 1213 528 1277 ad
541 1234 579 1277 ea
599 1216 636 1276 tu
657 1217 690 1278 te
712 1212 843 1277 hortare
866 1216 899 1277 at
920 1233 972 1277 me
995 1213 1129 1278 omnino
1149 1215 1195 1275 tua

249 1302 446 1387 cogitatione
470 1301 594 1367 adiuva.
620 1299 684 1366 Hic
706 1301 865 1366 nihildum
888 1300 927 1366 de
939 1301 1047 1366 reditu
1061 1299 1194 1367 Caesada

249 1389 447 1455 audiebatur.
497 1389 570 1476 Ego
604 1388 656 1454 his
687 1389 804 1454 litteris
835 1390 898 1454 hoc
927 1393 1040 1454 tamen
1071 1388 1194 1475 proieci:

248 1479 371 1564 perlegi
394 1483 601 1560 omnestuas
626 1481 659 1542 ot
680 1478 716 1542 in
739 1495 777 1543 eo
800 1478 952 1562 aequiori.

699 1672 755 1737 XI.
840 1745 843 1750 ¹

249 1793 306 1850 Sor.
324 1794 355 1848 in
373 1793 521 1849 Formiano
539 1811 564 1848 a.
583 1794 610 1848 d.
629 1793 702 1849 XIII.
722 1792 862 1848 Kalendas
880 1794 991 1864 Apriles
1011 1809 1037 1848 a.
1057 1812 1085 1847 u.
1104 1811 1126 1848 c.
1145 1795 1192 1845 705.

518 1899 667 1956 CICERO
685 1898 836 1954 ATTICO
853 1899 936 1954 SAL.

222 2027 235 2070 ι
314 2009 488 2075 Lentulum
501 2012 648 2076 nostrum
662 2009 723 2073 scis
736 2005 879 2074 Puteolis
894 2007 986 2072 esse?
1007 2006 1093 2090 quod
1107 2025 1192 2090 quun

249 2100 403 2164 evictore
424 2098 565 2183 quodam
579 2100 663 2161 esset
680 2096 834 2181 auditum,
856 2096 910 2180 qui
934 2117 967 2159 se
990 2093 1112 2159 diceret
1132 2113 1192 2156 eun

247 2189 282 2252 in
313 2187 437 2273 Appia,
473 2199 572 2271 quum
602 2185 630 2249 is
666 2185 810 2270 paullum
841 2184 988 2248 lecticam
1020 2181 1191 2267 aperuisset,

248 2297 421 2362 cognosse,
443 2275 504 2340 etsi
526 2274 579 2339 vix
600 2274 668 2339 veri
691 2273 802 2354 simile,
825 2273 898 2337 misi
920 2275 1031 2335 tamen
1053 2269 1191 2334 Puteolos

247 2387 374 2449 pueros,
397 2364 452 2448 qui
474 2363 739 2448 pervestigarent,
768 2361 864 2425 etad
887 2381 959 2424 eum
982 2360 1116 2424 litteras.
1148 2355 1191 2420 In·

247 2455 364 2516 vcntus
387 2454 436 2516 est
458 2451 511 2516 vir
532 2451 568 2514 in
593 2450 697 2514 hortis
725 2449 791 2514 suis
815 2470 848 2513 se
875 2449 1041 2512 occultans
1067 2448 1190 2510 litteras·

248 2561 310 2623 que
333 2539 413 2603 mihi
434 2539 558 2603 remisit
580 2538 711 2602 mirifice
734 2537 855 2622 gratias
879 2557 979 2622 agens
1002 2533 1143 2616 Caesari,
1160 2531 1190 2594 de

249 2649 308 2692 suo
335 2630 443 2692 autem
470 2627 604 2692 consilio
634 2623 668 2691 C.
690 2623 806 2690 Caecio
833 2625 986 2688 mandata
1009 2622 1051 2688 ad
1080 2643 1129 2686 me
1148 2620 1190 2683 de-

248 2715 345 2780 disse:
378 2735 451 2779 sum
473 2735 533 2799 ego
556 2714 652 2780 hodie
675 2713 914 2798 exspectabam,
945 2711 979 2776 id
1002 2714 1053 2776 est
1074 2727 1140 2775 xm.
1159 2706 1190 2771 Ii.

220 2803 386 2889 sApriles.
419 2801 521 2868 Venit
542 2803 640 2867 etiam
663 2801 704 2866 ad
726 2823 777 2866 me
799 2800 919 2865 Matius
943 2798 1190 2883 Quinquatribus,

246 2892 345 2958 homo
369 2891 562 2975 mehercule,
589 2892 627 2955 ut
647 2889 729 2954 mihi
750 2889 837 2953 visus
860 2891 922 2972 est,
953 2889 1145 2971 temperatus
1165 2885 1190 2983 et

247 2981 403 3066 prudens3
425 2979 625 3044 existimatus
648 2977 777 3061 quidem
799 2979 849 3041 est
869 2997 995 3060 semper
1008 2977 1119 3041 auctor
1130 2971 1189 3038 otiu

248 3091 346 3154 quam
367 3069 421 3134 ille·
444 3068 525 3133 haec
543 3088 611 3132 non
632 3066 769 3150 probare
790 3064 870 3129 mihi
889 3064 1019 3148 quidem
1032 3063 1119 3128 visus
1138 3057 1189 3123 esti

249 3179 346 3241 quam
367 3158 458 3221 illam
480 3156 632 3238 νεκυίαν,
660 3160 698 3218 ut
719 3156 756 3217 tn
779 3153 936 3236 appellas,
958 3152 1085 3216 timere!
1118 3145 1189 3246 Huic

249 3267 309 3331 ego
336 3246 372 3310 in
398 3245 501 3309 multo
529 3262 676 3308 sermone
708 3241 878 3325 epistolam
909 3239 951 3304 ad
981 3260 1034 3304 me
1061 3236 1188 3303 Caesena

238 3499 240 3504 ·
318 3471 371 3540 Ep.
392 3477 432 3535 11,
453 3477 477 3524 1.
509 3467 583 3524 esse?
614 3469 687 3538 qaod
706 3469 762 3536 (m.,
784 3467 850 3604 WI).
881 3481 919 3530 e.;
940 3482 965 3534 q.
984 3465 1032 3520 vul
1053 3457 1189 3519 o.-oeri

7 3571 8 3602 2
248 3541 488 3608 eratum.(w.)r
524 3537 714 3594 1111111111.
737 3553 759 3591 1.
783 3537 868 3604 (wo
901 3567 933 3577 -
968 3535 1021 3589 xr
1041 3535 1069 3588 Ι.
1085 3532 1120 3587 K.
1141 3529 1187 3597 (t)¹

7 3605 8 3622 ¹
121 3609 127 3620 ¹
251 3607 373 3662 XIIII.
392 3609 430 3663 K.
449 3609 543 3676 vulgo.
580 3614 605 3662 2.
628 3608 756 3662 dictaeo
774 3606 871 3675 (laci),
889 3604 1086 3661 theotimi.
