2590 3964
215 241 476 298 EPISTOLARUM
494 241 544 296 AD
563 241 727 298 ATTIOUM
744 243 791 298 III.
812 248 853 298 23.
873 248 916 298 24.
982 243 1047 307 113

79 386 208 471 uliquid
231 387 266 452 iu
290 408 360 472 spe,
382 386 454 452 vids
476 387 591 473 legem,
614 407 711 471 quum
734 386 770 451 Τ.
793 386 894 452 Fadio
918 386 1047 472 scripsit

85 473 255 540 Visellius:
298 496 336 540 eu
368 474 448 539 mihi
478 476 656 560 perplacet3
693 496 769 540 num
802 473 898 540 Sesiii
933 477 1047 561 nostri,

82 585 184 646 quem
214 567 253 628 tu
284 563 346 628 hibi
384 563 514 646 probari
547 563 673 648 scribis,
713 563 794 627 mihi
828 584 897 629 non
931 565 1046 648 placei.

84 651 271 716 'feriisset
298 652 436 736 epistole
462 652 563 736 pridie
586 651 663 716 Idus
686 649 859 716 Novembr.
887 652 976 736 duta,
1011 653 1077 718 in&

85 761 148 824 quo
174 741 310 824 exponis
333 739 509 824 prudenter
522 743 556 804 ei
569 739 749 824 diligenter,
771 759 854 824 quoe
868 740 942 824 sini,
965 761 1047 825 quoe

86 849 153 892 rem
177 827 333 893 distinere
355 828 537 894 rideantur:
560 828 599 892 de
614 825 740 912 Crasso,
762 828 802 892 de
822 827 985 912 Pompeio,
1008 829 1047 895 de

86 917 216 982 ceteris:
251 937 351 1001 quere
373 937 431 982 oro
454 922 500 1001 te,
531 919 582 1001 ut,
614 917 641 980 si
664 937 728 1002 qus
751 937 824 1001 spes
847 917 922 1002 erit,
952 937 1047 1001 posse

86 1005 202 1070 siudiir
226 1005 397 1092 bonorum,
419 1005 621 1090 auctoritaie,
642 1005 848 1071 multitudine
862 1009 1049 1089 compsrs'cs

88 1113 155 1158 rem
178 1093 306 1179 confici,
329 1094 385 1159 des
405 1113 547 1179 operum,
568 1097 606 1158 ut
619 1115 687 1159 uno
699 1094 823 1178 irnpe'cu
846 1093 1048 1180 perfringun-

87 1187 154 1266 tur,
176 1183 213 1246 in
238 1203 310 1247 esm
332 1203 401 1247 rem
427 1183 596 1248 incumbas
619 1185 806 1267 ceterosque
828 1182 960 1266 excites3
988 1183 1049 1267 sin,

34 1295 41 1310 ·
89 1275 125 1335 ut
146 1291 210 1356 ego
234 1272 394 1356 perspicio
416 1293 516 1356 quum
545 1274 603 1336 tus
625 1271 822 1355 coniectura,
852 1275 924 1335 tum
951 1271 1049 1336 etism

90 1379 168 1444 mes,
192 1359 264 1444 spei
286 1359 369 1424 nihil
392 1364 453 1444 esi,
486 1381 549 1446 oro
567 1360 774 1443 obtestorque
796 1364 843 1445 ie,
865 1362 903 1423 ut
925 1359 962 1436 Q.
984 1360 1048 1424 ire·

90 1453 171 1513 trem
194 1469 295 1532 ames,
317 1469 412 1532 quem
425 1469 486 1534 ego
508 1449 660 1513 miserum
673 1449 788 1512 misere
811 1447 946 1532 perdidi,
967 1469 1048 1512 nere

92 1536 165 1620 quid
194 1558 270 1601 eum
298 1537 421 1620 psiiure
452 1537 584 1622 gravius
611 1537 777 1602 consulere
807 1537 845 1601 de
873 1555 920 1620 se,
952 1557 1049 1620 quam

93 1625 500 1798 {indiuiduis}
516 1622 1050 1798 &adhidendus

94 1802 179 1867 nium
192 1801 336 1867 nominis
350 1803 422 1886 mci,
442 1806 563 1884 tueare,
581 1801 688 1886 quoad
701 1802 833 1886 poteris,
857 1801 1050 1887 Terentiam,

95 1911 190 1955 uuum
214 1890 360 1955 omnium
379 1889 703 1974 aerumnosissimam,
726 1893 887 1955 sustentes
900 1890 965 1955 tuis
980 1890 1049 1956 offi-

95 1980 157 2043 ciis.
203 1978 279 2064 Ego
306 1978 342 2042 in
364 1977 500 2063 Epirum
523 1978 719 2063 proficiscar,
747 2000 846 2062 quum
872 1979 1050 2062 primorum

96 2067 216 2132 dierum
238 2067 372 2132 nuntios
392 2087 560 2151 exceperoz
582 2071 619 2132 tu
640 2067 681 2130 ud
703 2087 755 2131 me
777 2067 874 2131 velim
895 2067 1050 2150 proximis

95 2155 218 2308 iim
241 2159 280 2220 ut
293 2175 331 2308 sp)
346 2155 441 2220 inicia
454 2155 610 2240 dederint,
631 2155 820 2240 perscribas.
847 2153 934 2220 Dete
946 2154 1050 2237 pridie

125 2245 164 2309 si.
186 2244 308 2310 Decem
331 2265 357 2310 r.

515 2472 637 2540 XXIV.

178 2595 236 2652 Sor.
255 2593 424 2664 Dyrrhachii
440 2595 486 2650 IV.
505 2595 571 2650 Idus
589 2594 755 2650 Decembres
773 2607 798 2649 s.
818 2609 844 2648 u,
864 2609 886 2648 c.
906 2599 966 2649 696.

384 2717 515 2774 c1osu0
534 2716 668 2773 muco
688 2685 764 2773 s'su.

160 2843 284 2930 Anna,
316 2867 415 2929 quum
447 2845 488 2910 sd
519 2866 571 2910 me
603 2845 811 2930 scripsissetis
838 2847 947 2911 resino
976 2865 1078 2911 con-r

103 2953 191 2998 sensu
214 2934 385 2999 consulum
406 2934 590 3018 provincius
613 2935 744 2999 ornuhss
766 2954 850 3017 esso,
882 2933 943 2999 essi
965 2953 1052 2998 vere-

104 3021 167 3106 bsr,
199 3043 354 3106 quorsum
379 3022 414 3088 id
443 3043 592 3087 casurum
619 3025 718 3103 ossei,
748 3025 860 3086 tamen
881 3020 1051 3104 spersbum

104 3132 153 3175 sos
179 3110 302 3195 aliquid
332 3111 505 3194 uliqusndo
536 3110 654 3176 vidisse
684 3108 889 3194 prudentius:
925 3111 1050 3191 postse-

103 3220 191 3282 qusm
221 3197 303 3263 mihi
330 3202 363 3263 ei
390 3199 511 3264 dicium
538 3202 588 3264 esi
609 3202 642 3263 et
668 3199 824 3282 scripturn
845 3195 1052 3261 vehementer

104 3287 266 3352 consilium
292 3291 435 3354 vestium
460 3286 665 3373 reprehendi,
696 3308 767 3351 sum
799 3284 941 3370 graviter
967 3304 1052 3350 com·

165 3514 217 3584 Ep.
237 3520 281 3580 23,
300 3519 323 3569 5.
339 3514 553 3584 perfriopomr
570 3513 676 3582 (Ambr.
697 3517 739 3580 ιτ,
756 3512 787 3578 1.,
805 3511 878 3580 sch).
892 3511 1051 3582 perscisca-

108 3585 286 3653 unus

152 3681 263 3726 ciceronis
277 3683 340 3732 epist.
355 3684 385 3724 IL
876 3642 892 3690 8
