2582 3980
248 231 312 296 638
533 229 570 284 Μ.
590 228 713 286 TULLII
731 226 924 284 CICERONIS

247 375 467 444 meminerint·
490 375 566 458 quia
579 372 743 438 Antonius
757 373 837 437 vivit
822 375 948 457 tatque
970 375 1005 438 in
1027 375 1124 440 armis
1145 379 1198 459 cet,

248 465 286 530 de
302 461 439 530 Caesare
461 484 547 547 vero,
569 462 654 546 quod
676 461 747 526 fieri
768 461 877 545 potuit
899 483 937 526 ac
960 462 1078 548 debuit,
1100 468 1198 530 trans

248 556 355 617 actum
383 555 433 616 est
459 572 563 635 neque
586 551 651 616 iam
680 549 824 615 revocari
846 550 882 614 in
904 551 1067 636 integrum
1090 557 1200 638 potest,

247 639 432 706 Octavius
416 661 451 706 rs
473 643 536 722 est,
567 640 622 724 qui
650 637 726 722 quid
753 637 792 702 de
819 638 915 703 nobis
942 639 1200 706 iudicaturus‘t
1162 646 1200 706 sit

247 732 377 812 exspect
362 731 411 793 tet
430 728 570 812 populus
592 725 772 811 Romanus,
794 727 902 792 nosir
925 749 1044 812 sumus,
1066 729 1106 794 de
1129 752 1200 814 quo·

247 838 318 882 rum
352 818 455 882 salute
487 837 571 881 unns
603 815 701 880 homo
731 815 896 900 rogandus
927 816 1083 882 videatur.
1132 817 1200 904 Ego

247 927 333 990 vcro,
355 909 392 970 ut
414 905 497 970 istuc
510 907 670 987 revertar,
692 904 720 968 is
743 925 828 988 sum,
851 904 907 988 qui
929 925 998 970 non
1019 905 1117 971 modo
1139 929 1201 971 non

247 993 440 1078 supplicem,
463 993 519 1064 sed
542 993 639 1058 etiam
662 997 825 1057 coerceam
847 993 1064 1079 postulantes,
1086 999 1125 1060 ut
1146 995 1202 1059 sibi

248 1083 454 1166 supplicetur,
476 1085 533 1147 aut
555 1081 652 1166 longe
675 1080 921 1146 sesrvientibus
944 1081 1041 1148 abero
1064 1083 1201 1168 mihique

248 1192 317 1236 esse
330 1170 479 1237 iudicabo
488 1169 635 1253 Romam,
648 1169 839 1252 ubicumque
853 1169 991 1234 liberum
1005 1191 1073 1236 esse
1089 1172 1201 1255 licebit,

247 1280 285 1324 ac
308 1259 407 1324 vestri
428 1258 613 1340 miserebor,
635 1257 751 1342 quibus
765 1278 824 1322 nec
838 1262 928 1323 aetas
942 1279 1047 1344 neque
1064 1260 1201 1326 bonores

246 1368 307 1412 nco
333 1349 436 1412 virtus
464 1347 569 1412 aliena
598 1345 800 1410 dulcedinem
827 1347 955 1411 vivendi
983 1348 1129 1414 minuere
1151 1371 1200 1432 po

221 1435 353 1502 ctuerit.
381 1434 463 1502 Mihi
476 1435 605 1520 quidem
619 1435 666 1498 ita
678 1435 792 1499 beatus
815 1456 884 1500 csse
898 1435 1039 1520 videbor,
1061 1437 1091 1501 si
1112 1438 1200 1503 modo

248 1528 434 1590 constanter
458 1545 496 1590 sc
523 1527 679 1608 perpetuo
706 1523 846 1607 placebit
867 1523 930 1588 hoc
954 1525 1140 1610 consilium,
1168 1529 1202 1590 ut

246 1613 382 1678 relatam
404 1616 516 1697 putem
538 1613 677 1698 gratiam
699 1611 812 1696 pietati
828 1633 932 1696 meae3
956 1612 1033 1697 quid
1048 1615 1136 1679 enirn
1158 1617 1201 1680 est

247 1700 361 1764 melius
388 1715 485 1784 quam
516 1701 671 1766 memoria
701 1703 787 1764 recte
809 1700 970 1766 factorum
996 1705 1029 1766 et
1057 1703 1200 1768 libertate

247 1791 435 1854 contentum
458 1789 623 1874 negligere
650 1788 815 1855 humana?
849 1789 907 1853 scd
934 1793 1019 1854 certe
1045 1812 1118 1856 non
1139 1811 1200 1856 suc·

247 1876 397 1942 cumbam
420 1877 716 1944 succumbentibus
728 1876 1147 1964 necrincarab”11s,qui
1171 1901 1200 1944 se

246 1966 333 2030 vinci
355 1966 470 2031 volunt
455 1966 721 2050 torperiarque
748 1969 781 2030 et
766 1969 878 2030 ttten
879 1965 941 2030 abo
970 1967 1079 2032 omnia
1102 1990 1200 2058 neque

247 2054 400 2119 desistam
432 2054 618 2120 abstrahere
647 2075 668 2118 a
694 2054 823 2118 servitio
851 2054 1015 2118 civitatem
1046 2053 1199 2122 nostram:

247 2143 275 2207 si
307 2145 417 2208 secuta
447 2143 546 2208 fuerit
577 2163 658 2226 quae
691 2141 786 2206 debet
816 2142 963 2226 fortuna,
981 2144 1200 2228 gaudebimus

246 2252 374 2315 omnes,
397 2231 425 2295 si
447 2231 564 2315 minus,
586 2251 646 2316 ego
669 2233 780 2295 tamen
800 2230 956 2314 gaudebo,
980 2231 1096 2315 quibus
1121 2234 1200 2298 enim

246 2319 354 2403 potius
377 2319 457 2384 hacc
479 2320 546 2384 rita
568 2318 663 2384 factis
682 2321 739 2384 aut
752 2318 1004 2403 cogitationibus
1017 2320 1209 2400 traducatur¹

246 2428 344 2490 quarn
375 2407 428 2493 iis,
465 2429 546 2491 quse
584 2405 800 2491 pertinuerint
831 2407 872 2471 ad
902 2407 1087 2474 liberandos
1122 2410 1199 2475 circs

208 2495 359 2561 romeos?
387 2495 442 2579 Te,
465 2493 585 2580 Oicero,
607 2515 688 2596 rogo
703 2498 799 2578 atque
819 2494 940 2579 hortor,
962 2517 1004 2560 ne
1028 2496 1199 2584 defetigere

190 2631 193 2636 ι
246 2605 311 2647 neu
338 2583 480 2668 diffidas,
512 2605 637 2668 semper
663 2584 700 2647 in
725 2546 949 2666 praesentibub
976 2585 1070 2649 malis
1096 2586 1199 2670 prohi-

246 2671 360 2736 bendis
382 2672 433 2737 fut
419 2676 492 2737 tura
515 2693 655 2758 quoque,
686 2671 750 2736 nisi
776 2674 852 2742 ante
876 2671 919 2736 sit
941 2693 1123 2759 occursum,
1153 2697 1199 2738 cx·

245 2759 363 2846 plores,
384 2780 426 2824 ne
449 2779 483 2825 se
501 2761 675 2844 insinuent,
697 2757 814 2824 fortem
838 2762 871 2824 et
891 2760 1029 2825 libemm
1051 2763 1200 2845 animum,

246 2871 311 2933 quo
343 2851 377 2913 et
408 2850 521 2916 consul
550 2853 582 2914 et
613 2869 700 2914 nunc
732 2847 911 2912 consularis
942 2870 1011 2913 rem
1042 2813 1200 2934 publicani

246 2937 430 3022 vindicasti,
461 2937 530 3004 sine
558 2936 741 3002 constantia
768 2939 801 3000 et
827 2936 1056 3020 aequabilitate
1080 2941 1200 3006 nullum

247 3047 316 3090 esse
338 3026 477 3110 putarim
500 3025 605 3090 fateor
619 3024 706 3108 enim
719 3025 881 3090 duriorem
899 3046 969 3090 esse
983 3025 1198 3094 condicionem

247 3116 410 3198 spectatae
432 3115 561 3180 virtutis
584 3134 682 3197 quam
704 3112 904 3198 incognitae:
931 3113 1013 3178 benc
1035 3114 1124 3182 facta
1144 3137 1199 3200 pro

316 3287 368 3358 Ep.
385 3294 426 3356 18,
445 3294 470 3343 8
488 3289 672 3344 memioeriut:
689 3289 756 3357 ordo
774 3287 810 3343 A.
828 3288 897 3342 eicit
914 3305 940 3343 ιι.
959 3289 992 3343 in
1009 3305 1035 3344 ιι.
1054 3294 1102 3356 eet,
1119 3291 1198 3345 de..

243 3363 340 3425 1),cteet
360 3357 413 3412 0..
428 3357 538 3424 ..,Rom
555 3374 649 3413 cos..
665 3359 818 3413 ,vedeatur
846 3357 910 3428 Epo
928 3358 983 3426 (W.
1003 3358 1074 3428 coni.
1095 3363 1199 3415 etcum

243 3375 660 3498 Huldricointerpsor‘oot.
681 3428 1199 3500 a.sr·tdeO.MR1,vulgo,otium

247 3493 363 3562 Huldr..)
394 3512 438 3562 m,
463 3499 530 3565 quia
552 3499 588 3552 A.
606 3499 707 3554 uiuat.
722 3500 791 3553 ‚siu
810 3497 878 3554 De.
894 3471 1018 3570 molest
1053 3499 1112 3556 0..
1126 3498 1199 3556 .1e.⁹

247 3577 339 3616 ιιι.
355 3563 452 3618 mid?
470 3565 533 3635 Epo
551 3567 581 3621 B
601 3567 698 3636 itaque
716 3539 774 3623 iere
791 3569 885 3638 vulgo.
925 3609 928 3612 -
