<?xml version="1.0" encoding="UTF-8"?>
<!DOCTYPE html PUBLIC "-//W3C//DTD XHTML 1.0 Transitional//EN"
    "http://www.w3.org/TR/xhtml1/DTD/xhtml1-transitional.dtd">
<html xmlns="http://www.w3.org/1999/xhtml" xml:lang="en" lang="en">
 <head>
  <title>
</title>
<meta http-equiv="Content-Type" content="text/html;charset=utf-8" />
  <meta name='ocr-system' content='tesseract 3.04.00' />
  <meta name='ocr-capabilities' content='ocr_page ocr_carea ocr_par ocr_line ocrx_word'/>
</head>
<body>
  <div class='ocr_page' id='page_1' title='image "./epistolae01wesegoog_0594.png"; bbox 0 0 2582 3980; ppageno 0'>
   <div class='ocr_carea' id='block_1_1' title="bbox 216 181 895 252">
    <p class='ocr_par' dir='ltr' id='par_1_1' title="bbox 216 181 895 252">
     <span class='ocr_line' id='line_1_1' title="bbox 216 181 895 252; baseline -0.013 -2"><span class='ocrx_word' id='word_1_1' title='bbox 216 185 283 252; x_wconf 75' lang='lat'><strong>584</strong></span> <span class='ocrx_word' id='word_1_2' title='bbox 502 183 541 250; x_wconf 72' lang='lat' dir='ltr'><strong>,ll-</strong></span> <span class='ocrx_word' id='word_1_3' title='bbox 560 182 684 242; x_wconf 75' lang='lat' dir='ltr'><strong>Tuum</strong></span> <span class='ocrx_word' id='word_1_4' title='bbox 702 181 895 244; x_wconf 73' lang='lat' dir='ltr'>CICERONIS</span> 
     </span>
    </p>
   </div>
   <div class='ocr_carea' id='block_1_2' title="bbox 216 327 1225 1566">
    <p class='ocr_par' dir='ltr' id='par_1_2' title="bbox 216 327 1225 1566">
     <span class='ocr_line' id='line_1_2' title="bbox 216 327 1177 414; baseline 0.001 -20"><span class='ocrx_word' id='word_1_5' title='bbox 216 333 287 395; x_wconf 82' lang='lat' dir='ltr'><strong>tare</strong></span> <span class='ocrx_word' id='word_1_6' title='bbox 310 327 698 413; x_wconf 76' lang='lat' dir='ltr'><strong>dicnntn13haecautem</strong></span> <span class='ocrx_word' id='word_1_7' title='bbox 710 327 879 414; x_wconf 81' lang='lat' dir='ltr'><strong>navigatio</strong></span> <span class='ocrx_word' id='word_1_8' title='bbox 901 327 1001 394; x_wconf 86' lang='lat' dir='ltr'><strong>habet</strong></span> <span class='ocrx_word' id='word_1_9' title='bbox 1023 327 1177 414; x_wconf 84' lang='lat' dir='ltr'><strong>quasdam</strong></span> 
     </span>
     <span class='ocr_line' id='line_1_3' title="bbox 437 399 1225 574; baseline 0 -2"><span class='ocrx_word' id='word_1_10' title='bbox 437 416 736 572; x_wconf 54' lang='lat' dir='ltr'><strong>“u</strong></span> <span class='ocrx_word' id='word_1_11' title='bbox 764 416 1002 570; x_wconf 49' lang='lat' dir='ltr'><strong>ultum</strong></span> <span class='ocrx_word' id='word_1_12' title='bbox 1029 411 1178 574; x_wconf 70' lang='lat' dir='ltr'><strong>ull</strong></span> <span class='ocrx_word' id='word_1_13' title='bbox 1220 399 1225 420; x_wconf 84' lang='lat'>&#39;</span> 
     </span>
     <span class='ocr_line' id='line_1_4' title="bbox 218 527 1179 680; baseline 0 -20"><span class='ocrx_word' id='word_1_14' title='bbox 218 528 362 660; x_wconf 45' lang='lat' dir='ltr'><strong>:⁸an</strong></span> <span class='ocrx_word' id='word_1_15' title='bbox 380 527 649 680; x_wconf 52' lang='lat' dir='ltr'><strong>ipleorffcmitiuu</strong></span> <span class='ocrx_word' id='word_1_16' title='bbox 680 528 775 660; x_wconf 57' lang='lat' dir='ltr'><strong>bonrp</strong></span> <span class='ocrx_word' id='word_1_17' title='bbox 798 527 1039 680; x_wconf 49' lang='lat' dir='ltr'><strong>Plpnguhabg‘tu</strong></span> <span class='ocrx_word' id='word_1_18' title='bbox 1057 529 1179 660; x_wconf 46' lang='lat' dir='ltr'><strong>dictatio</strong></span> 
     </span>
     <span class='ocr_line' id='line_1_5' title="bbox 221 679 1180 770; baseline 0 -22"><span class='ocrx_word' id='word_1_19' title='bbox 221 687 359 768; x_wconf 89' lang='lat' dir='ltr'><strong>suntque</strong></span> <span class='ocrx_word' id='word_1_20' title='bbox 372 683 503 770; x_wconf 80' lang='lat' dir='ltr'><strong>navigia</strong></span> <span class='ocrx_word' id='word_1_21' title='bbox 525 687 692 769; x_wconf 86' lang='lat' dir='ltr'><strong>praeterea</strong></span> <span class='ocrx_word' id='word_1_22' title='bbox 704 682 871 748; x_wconf 86' lang='lat' dir='ltr'><strong>luculenta</strong></span> <span class='ocrx_word' id='word_1_23' title='bbox 885 679 990 768; x_wconf 76' lang='lat' dir='ltr'><strong>Sentii,</strong></span> <span class='ocrx_word' id='word_1_24' title='bbox 1012 681 1180 767; x_wconf 85' lang='lat' dir='ltr'><strong>Buciliani,</strong></span> 
     </span>
     <span class='ocr_line' id='line_1_6' title="bbox 220 768 1180 856; baseline -0.001 -19"><span class='ocrx_word' id='word_1_25' title='bbox 220 775 413 856; x_wconf 81' lang='lat' dir='ltr'><strong>ceterornm3</strong></span> <span class='ocrx_word' id='word_1_26' title='bbox 444 793 522 837; x_wconf 88' lang='lat' dir='ltr'><strong>narn</strong></span> <span class='ocrx_word' id='word_1_27' title='bbox 549 768 653 837; x_wconf 77' lang='lat' dir='ltr'><strong>(lossii</strong></span> <span class='ocrx_word' id='word_1_28' title='bbox 682 771 831 855; x_wconf 77' lang='lat' dir='ltr'><strong>classem,</strong></span> <span class='ocrx_word' id='word_1_29' title='bbox 863 790 945 856; x_wconf 84' lang='lat' dir='ltr'><strong>quae</strong></span> <span class='ocrx_word' id='word_1_30' title='bbox 972 772 1070 856; x_wconf 86' lang='lat' dir='ltr'><strong>plane</strong></span> <span class='ocrx_word' id='word_1_31' title='bbox 1097 773 1180 836; x_wconf 85' lang='lat' dir='ltr'><strong>bellu</strong></span> 
     </span>
     <span class='ocr_line' id='line_1_7' title="bbox 221 858 1179 946; baseline 0 -20"><span class='ocrx_word' id='word_1_32' title='bbox 221 864 279 946; x_wconf 85' lang='lat' dir='ltr'><strong>est,</strong></span> <span class='ocrx_word' id='word_1_33' title='bbox 300 883 370 926; x_wconf 92' lang='lat' dir='ltr'><strong>non</strong></span> <span class='ocrx_word' id='word_1_34' title='bbox 391 881 527 926; x_wconf 90' lang='lat' dir='ltr'><strong>numero</strong></span> <span class='ocrx_word' id='word_1_35' title='bbox 549 861 636 925; x_wconf 86' lang='lat' dir='ltr'><strong>ultra</strong></span> <span class='ocrx_word' id='word_1_36' title='bbox 657 860 786 925; x_wconf 83' lang='lat' dir='ltr'><strong>fretum.</strong></span> <span class='ocrx_word' id='word_1_37' title='bbox 823 858 909 925; x_wconf 91' lang='lat' dir='ltr'><strong>Illud</strong></span> <span class='ocrx_word' id='word_1_38' title='bbox 932 863 983 924; x_wconf 88' lang='lat' dir='ltr'><strong>est</strong></span> <span class='ocrx_word' id='word_1_39' title='bbox 1004 860 1086 926; x_wconf 89' lang='lat' dir='ltr'><strong>mihi</strong></span> <span class='ocrx_word' id='word_1_40' title='bbox 1109 861 1179 926; x_wconf 90' lang='lat' dir='ltr'><strong>sub·</strong></span> 
     </span>
     <span class='ocr_line' id='line_1_8' title="bbox 221 947 1179 1033; baseline -0.002 -19"><span class='ocrx_word' id='word_1_41' title='bbox 221 951 406 1033; x_wconf 85' lang='lat' dir='ltr'><strong>molestum,</strong></span> <span class='ocrx_word' id='word_1_42' title='bbox 438 949 523 1033; x_wconf 91' lang='lat' dir='ltr'><strong>quod</strong></span> <span class='ocrx_word' id='word_1_43' title='bbox 550 969 666 1033; x_wconf 91' lang='lat' dir='ltr'><strong>parum</strong></span> <span class='ocrx_word' id='word_1_44' title='bbox 690 947 813 1014; x_wconf 89' lang='lat' dir='ltr'><strong>Brutus</strong></span> <span class='ocrx_word' id='word_1_45' title='bbox 842 969 1014 1033; x_wconf 87' lang='lat' dir='ltr'><strong>properare</strong></span> <span class='ocrx_word' id='word_1_46' title='bbox 1042 949 1179 1014; x_wconf 85' lang='lat' dir='ltr'><strong>videtur:</strong></span> 
     </span>
     <span class='ocr_line' id='line_1_9' title="bbox 220 1036 1181 1122; baseline -0.001 -20"><span class='ocrx_word' id='word_1_47' title='bbox 220 1040 361 1122; x_wconf 87' lang='lat' dir='ltr'><strong>primum</strong></span> <span class='ocrx_word' id='word_1_48' title='bbox 392 1037 614 1104; x_wconf 82' lang='lat' dir='ltr'><strong>confectorum</strong></span> <span class='ocrx_word' id='word_1_49' title='bbox 649 1036 799 1103; x_wconf 88' lang='lat' dir='ltr'><strong>ludorum</strong></span> <span class='ocrx_word' id='word_1_50' title='bbox 833 1037 967 1102; x_wconf 88' lang='lat' dir='ltr'><strong>nuntios</strong></span> <span class='ocrx_word' id='word_1_51' title='bbox 1005 1041 1181 1122; x_wconf 74' lang='lat' dir='ltr'><strong>exspectat,</strong></span> 
     </span>
     <span class='ocr_line' id='line_1_10' title="bbox 222 1125 1180 1212; baseline -0.002 -21"><span class='ocrx_word' id='word_1_52' title='bbox 222 1126 350 1212; x_wconf 89' lang='lat' dir='ltr'><strong>deinde,</strong></span> <span class='ocrx_word' id='word_1_53' title='bbox 382 1130 539 1211; x_wconf 84' lang='lat' dir='ltr'><strong>qnantum</strong></span> <span class='ocrx_word' id='word_1_54' title='bbox 570 1125 736 1212; x_wconf 75' lang='lat' dir='ltr'>intelligo,</span> <span class='ocrx_word' id='word_1_55' title='bbox 765 1125 857 1190; x_wconf 88' lang='lat' dir='ltr'><strong>tarde</strong></span> <span class='ocrx_word' id='word_1_56' title='bbox 889 1129 939 1190; x_wconf 87' lang='lat' dir='ltr'><strong>est</strong></span> <span class='ocrx_word' id='word_1_57' title='bbox 970 1126 1180 1211; x_wconf 78' lang='lat' dir='ltr'><strong>navigaturus</strong></span> 
     </span>
     <span class='ocr_line' id='line_1_11' title="bbox 223 1213 1181 1301; baseline -0.002 -21"><span class='ocrx_word' id='word_1_58' title='bbox 223 1216 403 1282; x_wconf 76' lang='lat' dir='ltr'><strong>consistens</strong></span> <span class='ocrx_word' id='word_1_59' title='bbox 429 1216 465 1279; x_wconf 89' lang='lat' dir='ltr'><strong>in</strong></span> <span class='ocrx_word' id='word_1_60' title='bbox 491 1215 571 1280; x_wconf 89' lang='lat' dir='ltr'><strong>locis</strong></span> <span class='ocrx_word' id='word_1_61' title='bbox 599 1215 754 1301; x_wconf 84' lang='lat' dir='ltr'><strong>pluribus.</strong></span> <span class='ocrx_word' id='word_1_62' title='bbox 800 1213 924 1280; x_wconf 80' lang='lat' dir='ltr'><strong>Tamen</strong></span> <span class='ocrx_word' id='word_1_63' title='bbox 951 1213 1093 1280; x_wconf 85' lang='lat' dir='ltr'><strong>arbitror</strong></span> <span class='ocrx_word' id='word_1_64' title='bbox 1115 1235 1181 1280; x_wconf 88' lang='lat' dir='ltr'><strong>esse</strong></span> 
     </span>
     <span class='ocr_line' id='line_1_12' title="bbox 222 1302 1181 1388; baseline -0.002 -19"><span class='ocrx_word' id='word_1_65' title='bbox 222 1304 421 1371; x_wconf 78' lang='lat' dir='ltr'><strong>commodius</strong></span> <span class='ocrx_word' id='word_1_66' title='bbox 442 1304 534 1369; x_wconf 88' lang='lat' dir='ltr'><strong>tarde</strong></span> <span class='ocrx_word' id='word_1_67' title='bbox 556 1304 710 1388; x_wconf 78' lang='lat' dir='ltr'><strong>navigare</strong></span> <span class='ocrx_word' id='word_1_68' title='bbox 734 1302 980 1388; x_wconf 81' lang='lat' dir='ltr'><strong>quamomnino</strong></span> <span class='ocrx_word' id='word_1_69' title='bbox 1004 1323 1074 1368; x_wconf 91' lang='lat' dir='ltr'><strong>non</strong></span> <span class='ocrx_word' id='word_1_70' title='bbox 1095 1303 1181 1369; x_wconf 83' lang='lat' dir='ltr'><strong>navi·</strong></span> 
     </span>
     <span class='ocr_line' id='line_1_13' title="bbox 223 1392 1181 1478; baseline 0 -20"><span class='ocrx_word' id='word_1_71' title='bbox 223 1415 300 1478; x_wconf 83' lang='lat' dir='ltr'>gare</span> <span class='ocrx_word' id='word_1_72' title='bbox 323 1395 369 1478; x_wconf 91' lang='lat' dir='ltr'><strong>et,</strong></span> <span class='ocrx_word' id='word_1_73' title='bbox 391 1393 429 1477; x_wconf 87' lang='lat' dir='ltr'><strong>si,</strong></span> <span class='ocrx_word' id='word_1_74' title='bbox 451 1414 550 1477; x_wconf 88' lang='lat' dir='ltr'><strong>quum</strong></span> <span class='ocrx_word' id='word_1_75' title='bbox 572 1392 836 1476; x_wconf 88' lang='lat' dir='ltr'><strong>processerimus,</strong></span> <span class='ocrx_word' id='word_1_76' title='bbox 859 1392 1076 1476; x_wconf 75' lang='lat' dir='ltr'><strong>exploratione</strong></span> <span class='ocrx_word' id='word_1_77' title='bbox 1099 1392 1181 1458; x_wconf 83' lang='lat' dir='ltr'><strong>vide·</strong></span> 
     </span>
     <span class='ocr_line' id='line_1_14' title="bbox 223 1482 645 1566; baseline -0.007 -18"><span class='ocrx_word' id='word_1_78' title='bbox 223 1482 354 1566; x_wconf 87' lang='lat' dir='ltr'><strong>buntur,</strong></span> <span class='ocrx_word' id='word_1_79' title='bbox 376 1482 484 1547; x_wconf 86' lang='lat' dir='ltr'><strong>etesiis</strong></span> <span class='ocrx_word' id='word_1_80' title='bbox 507 1484 645 1546; x_wconf 87' lang='lat' dir='ltr'><strong>utemur.</strong></span> 
     </span>
    </p>
   </div>
   <div class='ocr_carea' id='block_1_3' title="bbox 686 1671 728 1741">
    <p class='ocr_par' dir='ltr' id='par_1_3' title="bbox 686 1671 728 1741">
     <span class='ocr_line' id='line_1_15' title="bbox 686 1671 728 1741; baseline -0.024 0"><span class='ocrx_word' id='word_1_81' title='bbox 686 1671 728 1741; x_wconf 85' lang='lat' dir='ltr'><strong>V.</strong></span> 
     </span>
    </p>
   </div>
   <div class='ocr_carea' id='block_1_4' title="bbox 242 1793 1166 1960">
    <p class='ocr_par' dir='ltr' id='par_1_4' title="bbox 242 1793 1166 1960">
     <span class='ocr_line' id='line_1_16' title="bbox 242 1793 1166 1862; baseline -0.002 -10"><span class='ocrx_word' id='word_1_82' title='bbox 242 1793 301 1852; x_wconf 80' lang='lat' dir='ltr'><strong>Ser.</strong></span> <span class='ocrx_word' id='word_1_83' title='bbox 318 1795 349 1850; x_wconf 87' lang='lat' dir='ltr'><strong>in</strong></span> <span class='ocrx_word' id='word_1_84' title='bbox 366 1795 521 1852; x_wconf 80' lang='lat' dir='ltr'><strong>Puteolano</strong></span> <span class='ocrx_word' id='word_1_85' title='bbox 539 1811 565 1850; x_wconf 79' lang='lat' dir='ltr'><strong>a</strong></span> <span class='ocrx_word' id='word_1_86' title='bbox 584 1795 611 1853; x_wconf 91' lang='lat' dir='ltr'><strong>d.</strong></span> <span class='ocrx_word' id='word_1_87' title='bbox 629 1795 690 1852; x_wconf 87' lang='lat' dir='ltr'>VII.</span> <span class='ocrx_word' id='word_1_88' title='bbox 708 1795 775 1852; x_wconf 79' lang='lat' dir='ltr'><strong>Idne</strong></span> <span class='ocrx_word' id='word_1_89' title='bbox 793 1794 947 1862; x_wconf 74' lang='lat' dir='ltr'><strong>Quinctiles</strong></span> <span class='ocrx_word' id='word_1_90' title='bbox 966 1811 990 1850; x_wconf 73' lang='lat' dir='ltr'><strong>a</strong></span> <span class='ocrx_word' id='word_1_91' title='bbox 1010 1812 1038 1851; x_wconf 87' lang='lat' dir='ltr'><strong>n.</strong></span> <span class='ocrx_word' id='word_1_92' title='bbox 1057 1811 1081 1850; x_wconf 90' lang='lat' dir='ltr'><strong>c.</strong></span> <span class='ocrx_word' id='word_1_93' title='bbox 1107 1803 1166 1852; x_wconf 76' lang='lat'><strong>¹11⁰.</strong></span> 
     </span>
     <span class='ocr_line' id='line_1_17' title="bbox 497 1899 918 1960; baseline -0.002 -1"><span class='ocrx_word' id='word_1_94' title='bbox 497 1900 647 1960; x_wconf 66' lang='lat'><em>01013130</em></span> <span class='ocrx_word' id='word_1_95' title='bbox 664 1899 816 1958; x_wconf 80' lang='lat' dir='ltr'><strong><em>ATTIOO</em></strong></span> <span class='ocrx_word' id='word_1_96' title='bbox 834 1900 918 1958; x_wconf 73' lang='lat' dir='ltr'><strong><em>SAL.</em></strong></span> 
     </span>
    </p>
   </div>
   <div class='ocr_carea' id='block_1_5' title="bbox 197 2005 1270 3336">
    <p class='ocr_par' dir='ltr' id='par_1_5' title="bbox 197 2005 1270 2451">
     <span class='ocr_line' id='line_1_18' title="bbox 197 2005 1270 2096; baseline 0.001 -22"><span class='ocrx_word' id='word_1_97' title='bbox 197 2029 211 2074; x_wconf 83' lang='lat' dir='ltr'><strong>r</strong></span> <span class='ocrx_word' id='word_1_98' title='bbox 292 2009 379 2077; x_wconf 69' lang='lat' dir='ltr'><strong>luas</strong></span> <span class='ocrx_word' id='word_1_99' title='bbox 400 2012 466 2077; x_wconf 88' lang='lat' dir='ltr'><strong>iam</strong></span> <span class='ocrx_word' id='word_1_100' title='bbox 487 2011 613 2076; x_wconf 75' lang='lat' dir='ltr'><strong>litteras</strong></span> <span class='ocrx_word' id='word_1_101' title='bbox 635 2009 757 2076; x_wconf 87' lang='lat' dir='ltr'><strong>Brutus</strong></span> <span class='ocrx_word' id='word_1_102' title='bbox 784 2009 1005 2096; x_wconf 79' lang='lat' dir='ltr'><strong>exspectabat:</strong></span> <span class='ocrx_word' id='word_1_103' title='bbox 1041 2011 1094 2077; x_wconf 89' lang='lat' dir='ltr'><strong>eui</strong></span> <span class='ocrx_word' id='word_1_104' title='bbox 1118 2011 1183 2096; x_wconf 90' lang='lat' dir='ltr'><strong>qui·</strong></span> <span class='ocrx_word' id='word_1_105' title='bbox 1269 2005 1270 2010; x_wconf 66' lang='grc'>’</span> 
     </span>
     <span class='ocr_line' id='line_1_19' title="bbox 226 2097 1184 2187; baseline 0 -23"><span class='ocrx_word' id='word_1_106' title='bbox 226 2100 298 2166; x_wconf 89' lang='lat' dir='ltr'><strong>dem</strong></span> <span class='ocrx_word' id='word_1_107' title='bbox 326 2121 388 2187; x_wconf 80' lang='lat' dir='ltr'><strong>ego</strong></span> <span class='ocrx_word' id='word_1_108' title='bbox 412 2121 536 2166; x_wconf 80' lang='lat' dir='ltr'><strong>novum</strong></span> <span class='ocrx_word' id='word_1_109' title='bbox 562 2100 734 2164; x_wconf 75' lang='lat' dir='ltr'><strong>attuleram</strong></span> <span class='ocrx_word' id='word_1_110' title='bbox 764 2099 804 2164; x_wconf 88' lang='lat' dir='ltr'><strong>de</strong></span> <span class='ocrx_word' id='word_1_111' title='bbox 826 2097 928 2164; x_wconf 82' lang='lat' dir='ltr'><strong>Tereo</strong></span> <span class='ocrx_word' id='word_1_112' title='bbox 951 2097 1042 2164; x_wconf 89' lang='lat' dir='ltr'><strong>Accii</strong></span> <span class='ocrx_word' id='word_1_113' title='bbox 1065 2135 1108 2147; x_wconf 95' lang='lat'>—</span> <span class='ocrx_word' id='word_1_114' title='bbox 1132 2099 1184 2164; x_wconf 86' lang='lat' dir='ltr'><strong>ille</strong></span> 
     </span>
     <span class='ocr_line' id='line_1_20' title="bbox 225 2186 1185 2274; baseline -0.002 -20"><span class='ocrx_word' id='word_1_115' title='bbox 225 2187 364 2254; x_wconf 82' lang='lat' dir='ltr'><strong>Brutum</strong></span> <span class='ocrx_word' id='word_1_116' title='bbox 385 2189 523 2274; x_wconf 84' lang='lat' dir='ltr'><strong>putebat</strong></span> <span class='ocrx_word' id='word_1_117' title='bbox 538 2211 592 2270; x_wconf 85' lang='lat'><strong>-3</strong></span> <span class='ocrx_word' id='word_1_118' title='bbox 616 2188 672 2253; x_wconf 87' lang='lat' dir='ltr'><strong>sed</strong></span> <span class='ocrx_word' id='word_1_119' title='bbox 691 2191 803 2252; x_wconf 86' lang='lat' dir='ltr'><strong>tamen</strong></span> <span class='ocrx_word' id='word_1_120' title='bbox 824 2186 961 2252; x_wconf 89' lang='lat' dir='ltr'><strong>rumoris</strong></span> <span class='ocrx_word' id='word_1_121' title='bbox 983 2187 1094 2254; x_wconf 89' lang='lat' dir='ltr'><strong>nescio</strong></span> <span class='ocrx_word' id='word_1_122' title='bbox 1109 2189 1185 2273; x_wconf 91' lang='lat' dir='ltr'><strong>quid</strong></span> 
     </span>
     <span class='ocr_line' id='line_1_21' title="bbox 227 2273 1186 2360; baseline 0.001 -19"><span class='ocrx_word' id='word_1_123' title='bbox 227 2277 395 2342; x_wconf 83' lang='lat' dir='ltr'><strong>afflaverat</strong></span> <span class='ocrx_word' id='word_1_124' title='bbox 416 2276 641 2342; x_wconf 87' lang='lat' dir='ltr'><strong>commissione</strong></span> <span class='ocrx_word' id='word_1_125' title='bbox 664 2273 858 2341; x_wconf 81' lang='lat' dir='ltr'><strong>Graecorum</strong></span> <span class='ocrx_word' id='word_1_126' title='bbox 880 2276 1097 2360; x_wconf 85' lang='lat' dir='ltr'><strong>frequentiam</strong></span> <span class='ocrx_word' id='word_1_127' title='bbox 1118 2298 1186 2343; x_wconf 90' lang='lat' dir='ltr'><strong>non</strong></span> 
     </span>
     <span class='ocr_line' id='line_1_22' title="bbox 226 2363 1185 2451; baseline 0 -21"><span class='ocrx_word' id='word_1_128' title='bbox 226 2365 342 2450; x_wconf 83' lang='lat' dir='ltr'><strong>inisse,</strong></span> <span class='ocrx_word' id='word_1_129' title='bbox 364 2365 449 2450; x_wconf 89' lang='lat' dir='ltr'><strong>quod</strong></span> <span class='ocrx_word' id='word_1_130' title='bbox 473 2365 601 2450; x_wconf 89' lang='lat' dir='ltr'><strong>quidem</strong></span> <span class='ocrx_word' id='word_1_131' title='bbox 624 2386 676 2429; x_wconf 92' lang='lat' dir='ltr'><strong>me</strong></span> <span class='ocrx_word' id='word_1_132' title='bbox 698 2364 831 2430; x_wconf 88' lang='lat' dir='ltr'><strong>minime</strong></span> <span class='ocrx_word' id='word_1_133' title='bbox 851 2363 981 2449; x_wconf 85' lang='lat' dir='ltr'><strong>fefellit,</strong></span> <span class='ocrx_word' id='word_1_134' title='bbox 1005 2365 1067 2430; x_wconf 90' lang='lat' dir='ltr'><strong>scis</strong></span> <span class='ocrx_word' id='word_1_135' title='bbox 1090 2367 1185 2451; x_wconf 88' lang='lat' dir='ltr'><strong>euim,</strong></span> 
     </span>
    </p>

    <p class='ocr_par' dir='ltr' id='par_1_6' title="bbox 200 2451 1186 3336">
     <span class='ocr_line' id='line_1_23' title="bbox 200 2451 1185 2539; baseline 0.004 -23"><span class='ocrx_word' id='word_1_136' title='bbox 200 2455 304 2538; x_wconf 82' lang='lat' dir='ltr'><strong>aquid</strong></span> <span class='ocrx_word' id='word_1_137' title='bbox 332 2474 393 2539; x_wconf 81' lang='lat' dir='ltr'><strong>ego</strong></span> <span class='ocrx_word' id='word_1_138' title='bbox 421 2454 460 2519; x_wconf 89' lang='lat' dir='ltr'><strong>de</strong></span> <span class='ocrx_word' id='word_1_139' title='bbox 483 2452 611 2518; x_wconf 80' lang='lat' dir='ltr'><strong>Graecis</strong></span> <span class='ocrx_word' id='word_1_140' title='bbox 638 2453 723 2519; x_wconf 87' lang='lat' dir='ltr'><strong>ludis</strong></span> <span class='ocrx_word' id='word_1_141' title='bbox 750 2453 938 2518; x_wconf 85' lang='lat' dir='ltr'><strong>existimem.</strong></span> <span class='ocrx_word' id='word_1_142' title='bbox 982 2451 1079 2520; x_wconf 86' lang='lat' dir='ltr'><strong>Nunc</strong></span> <span class='ocrx_word' id='word_1_143' title='bbox 1102 2453 1185 2538; x_wconf 87' lang='lat' dir='ltr'><strong>audi,</strong></span> 
     </span>
     <span class='ocr_line' id='line_1_24' title="bbox 228 2541 1185 2628; baseline 0.003 -22"><span class='ocrx_word' id='word_1_144' title='bbox 228 2542 315 2626; x_wconf 90' lang='lat' dir='ltr'><strong>quod</strong></span> <span class='ocrx_word' id='word_1_145' title='bbox 335 2542 438 2626; x_wconf 83' lang='lat' dir='ltr'><strong>pluris</strong></span> <span class='ocrx_word' id='word_1_146' title='bbox 461 2545 511 2607; x_wconf 86' lang='lat' dir='ltr'><strong>est</strong></span> <span class='ocrx_word' id='word_1_147' title='bbox 533 2563 630 2628; x_wconf 91' lang='lat' dir='ltr'><strong>quam</strong></span> <span class='ocrx_word' id='word_1_148' title='bbox 654 2541 776 2608; x_wconf 87' lang='lat' dir='ltr'><strong>omnia:</strong></span> <span class='ocrx_word' id='word_1_149' title='bbox 813 2541 953 2618; x_wconf 83' lang='lat' dir='ltr'><strong>Quintus</strong></span> <span class='ocrx_word' id='word_1_150' title='bbox 974 2541 1039 2606; x_wconf 82' lang='lat' dir='ltr'><strong>fuit</strong></span> <span class='ocrx_word' id='word_1_151' title='bbox 1060 2565 1185 2608; x_wconf 90' lang='lat' dir='ltr'><strong>mecum</strong></span> 
     </span>
     <span class='ocr_line' id='line_1_25' title="bbox 229 2630 1185 2716; baseline 0.002 -22"><span class='ocrx_word' id='word_1_152' title='bbox 229 2630 297 2695; x_wconf 86' lang='lat' dir='ltr'><strong>dies</strong></span> <span class='ocrx_word' id='word_1_153' title='bbox 319 2631 512 2714; x_wconf 81' lang='lat' dir='ltr'><strong>complures,</strong></span> <span class='ocrx_word' id='word_1_154' title='bbox 534 2635 580 2715; x_wconf 92' lang='lat' dir='ltr'><strong>et,</strong></span> <span class='ocrx_word' id='word_1_155' title='bbox 603 2631 630 2696; x_wconf 88' lang='lat' dir='ltr'><strong>si</strong></span> <span class='ocrx_word' id='word_1_156' title='bbox 653 2651 714 2716; x_wconf 81' lang='lat' dir='ltr'><strong>ego</strong></span> <span class='ocrx_word' id='word_1_157' title='bbox 734 2635 900 2715; x_wconf 86' lang='lat' dir='ltr'><strong>cuperem,</strong></span> <span class='ocrx_word' id='word_1_158' title='bbox 925 2631 980 2696; x_wconf 91' lang='lat' dir='ltr'><strong>ille</strong></span> <span class='ocrx_word' id='word_1_159' title='bbox 1002 2631 1054 2696; x_wconf 80' lang='lat' dir='ltr'><strong>vel</strong></span> <span class='ocrx_word' id='word_1_160' title='bbox 1076 2632 1185 2716; x_wconf 92' lang='lat' dir='ltr'><strong>plures</strong></span> 
     </span>
     <span class='ocr_line' id='line_1_26' title="bbox 227 2717 1185 2804; baseline 0.001 -20"><span class='ocrx_word' id='word_1_161' title='bbox 227 2720 352 2803; x_wconf 83' lang='lat' dir='ltr'><strong>luisset,</strong></span> <span class='ocrx_word' id='word_1_162' title='bbox 374 2719 439 2803; x_wconf 88' lang='lat' dir='ltr'><strong>sed,</strong></span> <span class='ocrx_word' id='word_1_163' title='bbox 461 2717 613 2804; x_wconf 87' lang='lat' dir='ltr'><strong>quamdiu</strong></span> <span class='ocrx_word' id='word_1_164' title='bbox 635 2718 708 2804; x_wconf 87' lang='lat' dir='ltr'><strong>fuit,</strong></span> <span class='ocrx_word' id='word_1_165' title='bbox 729 2718 916 2784; x_wconf 87' lang='lat' dir='ltr'><strong>incredibile</strong></span> <span class='ocrx_word' id='word_1_166' title='bbox 933 2721 991 2802; x_wconf 86' lang='lat' dir='ltr'><strong>est,</strong></span> <span class='ocrx_word' id='word_1_167' title='bbox 1013 2741 1111 2804; x_wconf 91' lang='lat' dir='ltr'><strong>quam</strong></span> <span class='ocrx_word' id='word_1_168' title='bbox 1135 2741 1185 2785; x_wconf 93' lang='lat' dir='ltr'><strong>me</strong></span> 
     </span>
     <span class='ocr_line' id='line_1_27' title="bbox 228 2807 1185 2894; baseline 0 -20"><span class='ocrx_word' id='word_1_169' title='bbox 228 2809 262 2874; x_wconf 90' lang='lat' dir='ltr'><strong>in</strong></span> <span class='ocrx_word' id='word_1_170' title='bbox 286 2807 380 2874; x_wconf 89' lang='lat' dir='ltr'><strong>omni·</strong></span> <span class='ocrx_word' id='word_1_171' title='bbox 397 2827 514 2894; x_wconf 45' lang='lat' dir='ltr'><strong>&amp;nere</strong></span> <span class='ocrx_word' id='word_1_172' title='bbox 537 2808 713 2892; x_wconf 87' lang='lat' dir='ltr'><strong>delectarit,</strong></span> <span class='ocrx_word' id='word_1_173' title='bbox 734 2807 770 2872; x_wconf 92' lang='lat' dir='ltr'><strong>in</strong></span> <span class='ocrx_word' id='word_1_174' title='bbox 788 2829 889 2892; x_wconf 88' lang='lat' dir='ltr'><strong>eoque</strong></span> <span class='ocrx_word' id='word_1_175' title='bbox 903 2808 1050 2892; x_wconf 69' lang='lat' dir='ltr'><strong>mammo,</strong></span> <span class='ocrx_word' id='word_1_176' title='bbox 1071 2808 1108 2872; x_wconf 89' lang='lat' dir='ltr'><strong>in</strong></span> <span class='ocrx_word' id='word_1_177' title='bbox 1123 2831 1185 2894; x_wconf 92' lang='lat' dir='ltr'><strong>quo</strong></span> 
     </span>
     <span class='ocr_line' id='line_1_28' title="bbox 228 2895 1185 2979; baseline -0.001 -16"><span class='ocrx_word' id='word_1_178' title='bbox 228 2898 361 2963; x_wconf 90' lang='lat' dir='ltr'><strong>minime</strong></span> <span class='ocrx_word' id='word_1_179' title='bbox 383 2895 616 2979; x_wconf 79' lang='lat' dir='ltr'><strong>satisfaciebat3</strong></span> <span class='ocrx_word' id='word_1_180' title='bbox 639 2897 684 2961; x_wconf 89' lang='lat' dir='ltr'><strong>sic</strong></span> <span class='ocrx_word' id='word_1_181' title='bbox 704 2897 791 2961; x_wconf 88' lang='lat' dir='ltr'><strong>enim</strong></span> <span class='ocrx_word' id='word_1_182' title='bbox 805 2899 1019 2972; x_wconf 86' lang='lat' dir='ltr'><strong>commutatus</strong></span> <span class='ocrx_word' id='word_1_183' title='bbox 1034 2901 1085 2962; x_wconf 87' lang='lat' dir='ltr'><strong>est</strong></span> <span class='ocrx_word' id='word_1_184' title='bbox 1097 2899 1185 2962; x_wconf 87' lang='lat' dir='ltr'><strong>totus</strong></span> 
     </span>
     <span class='ocr_line' id='line_1_29' title="bbox 230 2984 1185 3072; baseline -0.001 -21"><span class='ocrx_word' id='word_1_185' title='bbox 230 2991 263 3050; x_wconf 92' lang='lat' dir='ltr'><strong>et</strong></span> <span class='ocrx_word' id='word_1_186' title='bbox 285 2986 413 3072; x_wconf 88' lang='lat' dir='ltr'><strong>scriptis</strong></span> <span class='ocrx_word' id='word_1_187' title='bbox 431 2985 515 3051; x_wconf 89' lang='lat' dir='ltr'><strong>meis</strong></span> <span class='ocrx_word' id='word_1_188' title='bbox 532 2985 734 3070; x_wconf 85' lang='lat' dir='ltr'><strong>quibusdum,</strong></span> <span class='ocrx_word' id='word_1_189' title='bbox 756 3005 838 3069; x_wconf 86' lang='lat' dir='ltr'><strong>quae</strong></span> <span class='ocrx_word' id='word_1_190' title='bbox 859 2984 895 3048; x_wconf 89' lang='lat' dir='ltr'><strong>in</strong></span> <span class='ocrx_word' id='word_1_191' title='bbox 918 2984 1067 3051; x_wconf 89' lang='lat' dir='ltr'><strong>manibus</strong></span> <span class='ocrx_word' id='word_1_192' title='bbox 1090 2985 1185 3051; x_wconf 90' lang='lat' dir='ltr'><strong>habe·</strong></span> 
     </span>
     <span class='ocr_line' id='line_1_30' title="bbox 229 3073 1186 3159; baseline 0.002 -21"><span class='ocrx_word' id='word_1_193' title='bbox 229 3075 318 3159; x_wconf 90' lang='lat' dir='ltr'><strong>bam,</strong></span> <span class='ocrx_word' id='word_1_194' title='bbox 345 3078 379 3140; x_wconf 91' lang='lat' dir='ltr'><strong>et</strong></span> <span class='ocrx_word' id='word_1_195' title='bbox 401 3074 588 3140; x_wconf 86' lang='lat' dir='ltr'><strong>assiduitate</strong></span> <span class='ocrx_word' id='word_1_196' title='bbox 611 3073 768 3138; x_wconf 89' lang='lat' dir='ltr'><strong>orationis</strong></span> <span class='ocrx_word' id='word_1_197' title='bbox 790 3075 824 3138; x_wconf 89' lang='lat' dir='ltr'><strong>et</strong></span> <span class='ocrx_word' id='word_1_198' title='bbox 845 3073 1039 3158; x_wconf 85' lang='lat' dir='ltr'><strong>praeceptis,</strong></span> <span class='ocrx_word' id='word_1_199' title='bbox 1069 3078 1108 3140; x_wconf 91' lang='lat' dir='ltr'><strong>nt</strong></span> <span class='ocrx_word' id='word_1_200' title='bbox 1128 3075 1186 3140; x_wconf 82' lang='lat' dir='ltr'><strong>teli</strong></span> 
     </span>
     <span class='ocr_line' id='line_1_31' title="bbox 230 3159 1184 3247; baseline 0.001 -20"><span class='ocrx_word' id='word_1_201' title='bbox 230 3163 338 3228; x_wconf 85' lang='lat' dir='ltr'><strong>animo</strong></span> <span class='ocrx_word' id='word_1_202' title='bbox 360 3164 397 3228; x_wconf 93' lang='lat' dir='ltr'><strong>in</strong></span> <span class='ocrx_word' id='word_1_203' title='bbox 417 3183 486 3228; x_wconf 89' lang='lat' dir='ltr'><strong>rem</strong></span> <span class='ocrx_word' id='word_1_204' title='bbox 508 3163 679 3247; x_wconf 88' lang='lat' dir='ltr'><strong>publicam,</strong></span> <span class='ocrx_word' id='word_1_205' title='bbox 702 3161 790 3245; x_wconf 90' lang='lat' dir='ltr'><strong>quali</strong></span> <span class='ocrx_word' id='word_1_206' title='bbox 802 3183 864 3226; x_wconf 90' lang='lat' dir='ltr'><strong>nos</strong></span> <span class='ocrx_word' id='word_1_207' title='bbox 877 3162 1035 3247; x_wconf 87' lang='lat' dir='ltr'><strong>volumus,</strong></span> <span class='ocrx_word' id='word_1_208' title='bbox 1057 3159 1184 3228; x_wconf 85' lang='lat' dir='ltr'><strong>futurus</strong></span> 
     </span>
     <span class='ocr_line' id='line_1_32' title="bbox 230 3249 1185 3336; baseline 0.002 -20"><span class='ocrx_word' id='word_1_209' title='bbox 230 3251 282 3316; x_wconf 90' lang='lat' dir='ltr'><strong>sit.</strong></span> <span class='ocrx_word' id='word_1_210' title='bbox 324 3251 398 3318; x_wconf 87' lang='lat' dir='ltr'><strong>Hoc</strong></span> <span class='ocrx_word' id='word_1_211' title='bbox 420 3271 520 3336; x_wconf 82' lang='lat' dir='ltr'><strong>quum</strong></span> <span class='ocrx_word' id='word_1_212' title='bbox 541 3251 622 3316; x_wconf 86' lang='lat' dir='ltr'><strong>mihi</strong></span> <span class='ocrx_word' id='word_1_213' title='bbox 643 3271 712 3316; x_wconf 89' lang='lat' dir='ltr'><strong>non</strong></span> <span class='ocrx_word' id='word_1_214' title='bbox 741 3249 837 3316; x_wconf 91' lang='lat' dir='ltr'><strong>modo</strong></span> <span class='ocrx_word' id='word_1_215' title='bbox 865 3251 1100 3336; x_wconf 85' lang='lat' dir='ltr'><strong>confirmasset,</strong></span> <span class='ocrx_word' id='word_1_216' title='bbox 1131 3251 1185 3318; x_wconf 89' lang='lat' dir='ltr'><strong>sed</strong></span> 
     </span>
    </p>
   </div>
   <div class='ocr_carea' id='block_1_6' title="bbox 229 3387 1186 3600">
    <p class='ocr_par' dir='ltr' id='par_1_7' title="bbox 229 3387 1186 3600">
     <span class='ocr_line' id='line_1_33' title="bbox 300 3387 1186 3513; baseline 0.003 -70"><span class='ocrx_word' id='word_1_217' title='bbox 300 3388 352 3513; x_wconf 50' lang='lat' dir='ltr'><strong>{p</strong></span> <span class='ocrx_word' id='word_1_218' title='bbox 372 3395 397 3456; x_wconf 75' lang='lat' dir='ltr'><strong>t,</strong></span> <span class='ocrx_word' id='word_1_219' title='bbox 417 3395 441 3444; x_wconf 85' lang='lat'><strong>1.</strong></span> <span class='ocrx_word' id='word_1_220' title='bbox 468 3403 569 3444; x_wconf 71' lang='lat' dir='ltr'><strong>mum</strong></span> <span class='ocrx_word' id='word_1_221' title='bbox 586 3391 624 3458; x_wconf 82' lang='lat' dir='ltr'><strong>(q.</strong></span> <span class='ocrx_word' id='word_1_222' title='bbox 644 3391 674 3472; x_wconf 78' lang='lat' dir='ltr'><strong>et</strong></span> <span class='ocrx_word' id='word_1_223' title='bbox 691 3387 767 3444; x_wconf 76' lang='lat' dir='ltr'><strong>con.</strong></span> <span class='ocrx_word' id='word_1_224' title='bbox 785 3389 867 3460; x_wconf 73' lang='lat' dir='ltr'><strong>ceni,</strong></span> <span class='ocrx_word' id='word_1_225' title='bbox 885 3387 931 3444; x_wconf 86' lang='lat' dir='ltr'><strong>W.</strong></span> <span class='ocrx_word' id='word_1_226' title='bbox 949 3390 979 3446; x_wconf 87' lang='lat' dir='ltr'><strong>et</strong></span> <span class='ocrx_word' id='word_1_227' title='bbox 996 3387 1047 3459; x_wconf 90' lang='grc' dir='ltr'><strong>Β.).</strong></span> <span class='ocrx_word' id='word_1_228' title='bbox 1065 3405 1123 3446; x_wconf 72' lang='lat' dir='ltr'><strong>nou</strong></span> <span class='ocrx_word' id='word_1_229' title='bbox 1140 3407 1186 3446; x_wconf 76' lang='lat' dir='ltr'><strong>ao</strong></span> 
     </span>
     <span class='ocr_line' id='line_1_34' title="bbox 230 3457 1186 3530; baseline 0.005 -19"><span class='ocrx_word' id='word_1_230' title='bbox 230 3473 293 3512; x_wconf 83' lang='lat' dir='ltr'><strong>cum</strong></span> <span class='ocrx_word' id='word_1_231' title='bbox 341 3457 384 3512; x_wconf 81' lang='lat' dir='ltr'><strong>RI</strong></span> <span class='ocrx_word' id='word_1_232' title='bbox 410 3457 438 3512; x_wconf 87' lang='lat' dir='ltr'><strong>h.</strong></span> <span class='ocrx_word' id='word_1_233' title='bbox 456 3457 874 3528; x_wconf 56' lang='lat' dir='ltr'><strong>nonumuuuaamfflcuuut.</strong></span> <span class='ocrx_word' id='word_1_234' title='bbox 889 3477 915 3516; x_wconf 74' lang='lat' dir='ltr'><strong>a</strong></span> <span class='ocrx_word' id='word_1_235' title='bbox 937 3458 1014 3530; x_wconf 56' lang='lat' dir='ltr'><strong>Ort?</strong></span> <span class='ocrx_word' id='word_1_236' title='bbox 1050 3465 1075 3518; x_wconf 71' lang='lat'><strong>2.</strong></span> <span class='ocrx_word' id='word_1_237' title='bbox 1093 3477 1186 3530; x_wconf 68' lang='lat' dir='ltr'><strong>queu-</strong></span> 
     </span>
     <span class='ocr_line' id='line_1_35' title="bbox 229 3526 727 3600; baseline 0.008 -18"><span class='ocrx_word' id='word_1_238' title='bbox 229 3526 281 3582; x_wconf 75' lang='lat' dir='ltr'><strong>dc&#39;u</strong></span> <span class='ocrx_word' id='word_1_239' title='bbox 298 3529 355 3594; x_wconf 78' lang='lat' dir='ltr'><strong>suit</strong></span> <span class='ocrx_word' id='word_1_240' title='bbox 372 3527 421 3597; x_wconf 80' lang='lat' dir='ltr'><strong>(l).</strong></span> <span class='ocrx_word' id='word_1_241' title='bbox 443 3533 576 3597; x_wconf 77' lang='lat' dir='ltr'><strong>quactum</strong></span> <span class='ocrx_word' id='word_1_242' title='bbox 592 3529 614 3597; x_wconf 78' lang='lat' dir='ltr'><strong>f.</strong></span> <span class='ocrx_word' id='word_1_243' title='bbox 632 3530 727 3600; x_wconf 80' lang='lat' dir='ltr'><strong>vulgo.</strong></span> 
     </span>
    </p>
   </div>
   <div class='ocr_carea' id='block_1_7' title="bbox 0 0 1310 3980">
    <p class='ocr_par' dir='ltr' id='par_1_8' title="bbox 0 0 1310 3980">
     <span class='ocr_line' id='line_1_36' title="bbox 0 0 1310 3980; baseline 0 0"><span class='ocrx_word' id='word_1_244' title='bbox 0 0 1310 3980; x_wconf 95' lang='lat' dir='ltr'><strong> </strong></span> 
     </span>
    </p>
   </div>
  </div>
 </body>
</html>
