<?xml version="1.0" encoding="UTF-8"?>
<!DOCTYPE html PUBLIC "-//W3C//DTD XHTML 1.0 Transitional//EN"
    "http://www.w3.org/TR/xhtml1/DTD/xhtml1-transitional.dtd">
<html xmlns="http://www.w3.org/1999/xhtml" xml:lang="en" lang="en">
 <head>
  <title>
</title>
<meta http-equiv="Content-Type" content="text/html;charset=utf-8" />
  <meta name='ocr-system' content='tesseract 3.04.00' />
  <meta name='ocr-capabilities' content='ocr_page ocr_carea ocr_par ocr_line ocrx_word'/>
</head>
<body>
  <div class='ocr_page' id='page_1' title='image "./epistolae01wesegoog_0177.png"; bbox 0 0 2522 3960; ppageno 0'>
   <div class='ocr_carea' id='block_1_1' title="bbox 205 213 1022 279">
    <p class='ocr_par' dir='ltr' id='par_1_1' title="bbox 205 213 1022 279">
     <span class='ocr_line' id='line_1_1' title="bbox 205 213 1022 279; baseline 0.012 -9"><span class='ocrx_word' id='word_1_1' title='bbox 205 213 462 272; x_wconf 76' lang='lat' dir='ltr'>EPISTOLARUM</span> <span class='ocrx_word' id='word_1_2' title='bbox 479 215 529 272; x_wconf 77' lang='lat' dir='ltr'><strong>AD</strong></span> <span class='ocrx_word' id='word_1_3' title='bbox 546 215 710 272; x_wconf 80' lang='lat' dir='ltr'><strong>ATTIGUM</strong></span> <span class='ocrx_word' id='word_1_4' title='bbox 727 215 762 270; x_wconf 85' lang='lat' dir='ltr'><strong>V.</strong></span> <span class='ocrx_word' id='word_1_5' title='bbox 781 222 823 272; x_wconf 88' lang='lat'><strong>10.</strong></span> <span class='ocrx_word' id='word_1_6' title='bbox 843 223 884 271; x_wconf 85' lang='lat'><strong>11.</strong></span> <span class='ocrx_word' id='word_1_7' title='bbox 959 213 1022 279; x_wconf 80' lang='grc'><strong>167</strong></span> 
     </span>
    </p>
   </div>
   <div class='ocr_carea' id='block_1_2' title="bbox 66 360 1066 3094">
    <p class='ocr_par' dir='ltr' id='par_1_2' title="bbox 66 360 1066 3094">
     <span class='ocr_line' id='line_1_2' title="bbox 71 360 1023 446; baseline 0 -21"><span class='ocrx_word' id='word_1_8' title='bbox 71 361 211 446; x_wconf 73' lang='lat' dir='ltr'><strong>persuasi</strong></span> <span class='ocrx_word' id='word_1_9' title='bbox 246 360 329 426; x_wconf 87' lang='lat' dir='ltr'>nihil</span> <span class='ocrx_word' id='word_1_10' title='bbox 365 379 434 425; x_wconf 87' lang='lat' dir='ltr'><strong>esse</strong></span> <span class='ocrx_word' id='word_1_11' title='bbox 464 361 580 425; x_wconf 87' lang='lat' dir='ltr'><strong>melius</strong></span> <span class='ocrx_word' id='word_1_12' title='bbox 612 381 709 445; x_wconf 83' lang='lat' dir='ltr'><strong>quam</strong></span> <span class='ocrx_word' id='word_1_13' title='bbox 739 361 831 428; x_wconf 88' lang='lat' dir='ltr'><strong>illum</strong></span> <span class='ocrx_word' id='word_1_14' title='bbox 862 380 1023 444; x_wconf 76' lang='lat' dir='ltr'><strong>nusquam</strong></span> 
     </span>
     <span class='ocr_line' id='line_1_3' title="bbox 70 446 1023 533; baseline 0 -20"><span class='ocrx_word' id='word_1_15' title='bbox 70 449 240 532; x_wconf 74' lang='lat' dir='ltr'><strong>discedere,</strong></span> <span class='ocrx_word' id='word_1_16' title='bbox 284 468 362 533; x_wconf 82' lang='lat' dir='ltr'><strong>ergo</strong></span> <span class='ocrx_word' id='word_1_17' title='bbox 399 446 539 514; x_wconf 59' lang='lat' dir='ltr'><strong>&amp;aecus</strong></span> <span class='ocrx_word' id='word_1_18' title='bbox 574 449 752 532; x_wconf 73' lang='lat' dir='ltr'>incumbet,</span> <span class='ocrx_word' id='word_1_19' title='bbox 792 449 880 513; x_wconf 82' lang='lat' dir='ltr'><strong>valet</strong></span> <span class='ocrx_word' id='word_1_20' title='bbox 910 451 1023 513; x_wconf 82' lang='lat' dir='ltr'><strong>autem</strong></span> 
     </span>
     <span class='ocr_line' id='line_1_4' title="bbox 69 535 1055 622; baseline 0.001 -22"><span class='ocrx_word' id='word_1_21' title='bbox 69 537 240 603; x_wconf 67' lang='lat' dir='ltr'><strong>succendes</strong></span> <span class='ocrx_word' id='word_1_22' title='bbox 263 537 332 601; x_wconf 90' lang='lat' dir='ltr'><strong>eius</strong></span> <span class='ocrx_word' id='word_1_23' title='bbox 355 537 440 621; x_wconf 87' lang='lat' dir='ltr'><strong>apud</strong></span> <span class='ocrx_word' id='word_1_24' title='bbox 462 537 554 602; x_wconf 89' lang='lat' dir='ltr'><strong>illum</strong></span> <span class='ocrx_word' id='word_1_25' title='bbox 576 537 759 620; x_wconf 81' lang='lat' dir='ltr'><strong>plurimum.</strong></span> <span class='ocrx_word' id='word_1_26' title='bbox 796 536 870 622; x_wconf 79' lang='lat' dir='ltr'><strong>Ilgo</strong></span> <span class='ocrx_word' id='word_1_27' title='bbox 892 535 953 602; x_wconf 84' lang='lat' dir='ltr'><strong>has</strong></span> <span class='ocrx_word' id='word_1_28' title='bbox 975 555 1023 621; x_wconf 82' lang='lat' dir='ltr'><strong>pr.</strong></span> <span class='ocrx_word' id='word_1_29' title='bbox 1036 553 1055 593; x_wconf 75' lang='lat'><strong>1-</strong></span> 
     </span>
     <span class='ocr_line' id='line_1_5' title="bbox 66 623 1023 709; baseline -0.001 -19"><span class='ocrx_word' id='word_1_30' title='bbox 66 624 179 690; x_wconf 88' lang='lat' dir='ltr'><strong>Nonas</strong></span> <span class='ocrx_word' id='word_1_31' title='bbox 206 623 384 702; x_wconf 71' lang='lat' dir='ltr'><strong>Quinctiles</strong></span> <span class='ocrx_word' id='word_1_32' title='bbox 410 625 616 709; x_wconf 82' lang='lat' dir='ltr'><strong>proficiscens</strong></span> <span class='ocrx_word' id='word_1_33' title='bbox 639 624 778 690; x_wconf 85' lang='lat' dir='ltr'><strong>Athenis</strong></span> <span class='ocrx_word' id='word_1_34' title='bbox 806 625 892 708; x_wconf 91' lang='lat' dir='ltr'><strong>dedi,</strong></span> <span class='ocrx_word' id='word_1_35' title='bbox 924 645 1023 709; x_wconf 87' lang='lat' dir='ltr'><strong>quum</strong></span> 
     </span>
     <span class='ocr_line' id='line_1_6' title="bbox 66 709 1023 798; baseline 0.001 -22"><span class='ocrx_word' id='word_1_36' title='bbox 66 713 108 777; x_wconf 89' lang='lat' dir='ltr'><strong>ibi</strong></span> <span class='ocrx_word' id='word_1_37' title='bbox 131 713 242 778; x_wconf 90' lang='lat' dir='ltr'><strong>decem</strong></span> <span class='ocrx_word' id='word_1_38' title='bbox 269 713 358 797; x_wconf 88' lang='lat' dir='ltr'><strong>ipsos</strong></span> <span class='ocrx_word' id='word_1_39' title='bbox 379 711 512 778; x_wconf 78' lang='lat' dir='ltr'>fuissem</span> <span class='ocrx_word' id='word_1_40' title='bbox 536 713 612 778; x_wconf 89' lang='lat' dir='ltr'><strong>dies.</strong></span> <span class='ocrx_word' id='word_1_41' title='bbox 657 709 801 778; x_wconf 85' lang='lat' dir='ltr'><strong>Venerat</strong></span> <span class='ocrx_word' id='word_1_42' title='bbox 822 711 1023 798; x_wconf 80' lang='lat' dir='ltr'><strong>Pomptinus,</strong></span> 
     </span>
     <span class='ocr_line' id='line_1_7' title="bbox 67 800 1033 887; baseline 0 -21"><span class='ocrx_word' id='word_1_43' title='bbox 67 823 128 866; x_wconf 85' lang='lat' dir='ltr'><strong>una</strong></span> <span class='ocrx_word' id='word_1_44' title='bbox 171 800 229 868; x_wconf 77' lang='lat' dir='ltr'><strong>On.</strong></span> <span class='ocrx_word' id='word_1_45' title='bbox 266 800 433 884; x_wconf 64' lang='lat' dir='ltr'><strong>Volusium</strong></span> <span class='ocrx_word' id='word_1_46' title='bbox 475 801 587 866; x_wconf 80' lang='lat' dir='ltr'><strong>aderet</strong></span> <span class='ocrx_word' id='word_1_47' title='bbox 623 805 787 887; x_wconf 72' lang='lat' dir='ltr'><strong>quaestor,</strong></span> <span class='ocrx_word' id='word_1_48' title='bbox 827 803 903 865; x_wconf 74' lang='lat' dir='ltr'><strong>tius</strong></span> <span class='ocrx_word' id='word_1_49' title='bbox 939 821 1033 866; x_wconf 90' lang='lat' dir='ltr'><strong>unus·</strong></span> 
     </span>
     <span class='ocr_line' id='line_1_8' title="bbox 67 888 1024 974; baseline -0.001 -20"><span class='ocrx_word' id='word_1_50' title='bbox 67 889 190 956; x_wconf 78' lang='lat' dir='ltr'><strong>Tullius</strong></span> <span class='ocrx_word' id='word_1_51' title='bbox 227 890 348 954; x_wconf 78' lang='lat' dir='ltr'><strong>aberat</strong></span> <span class='ocrx_word' id='word_1_52' title='bbox 393 888 560 974; x_wconf 81' lang='lat' dir='ltr'><strong>Aphracta</strong></span> <span class='ocrx_word' id='word_1_53' title='bbox 594 889 796 954; x_wconf 81' lang='lat' dir='ltr'><strong>Rhodiorum</strong></span> <span class='ocrx_word' id='word_1_54' title='bbox 832 892 866 953; x_wconf 87' lang='lat' dir='ltr'><strong>st</strong></span> <span class='ocrx_word' id='word_1_55' title='bbox 899 889 1024 954; x_wconf 79' lang='lat' dir='ltr'><strong>dicrota</strong></span> 
     </span>
     <span class='ocr_line' id='line_1_9' title="bbox 67 975 1024 1062; baseline 0 -20"><span class='ocrx_word' id='word_1_56' title='bbox 67 976 335 1062; x_wconf 72' lang='lat' dir='ltr'>Mytilenaeorum</span> <span class='ocrx_word' id='word_1_57' title='bbox 360 977 520 1043; x_wconf 84' lang='lat' dir='ltr'><strong>habebam</strong></span> <span class='ocrx_word' id='word_1_58' title='bbox 543 981 577 1043; x_wconf 85' lang='lat' dir='ltr'><strong>et</strong></span> <span class='ocrx_word' id='word_1_59' title='bbox 605 978 726 1062; x_wconf 91' lang='lat' dir='ltr'><strong>aliquid</strong></span> <span class='ocrx_word' id='word_1_60' title='bbox 754 975 929 1043; x_wconf 74' lang='grc' dir='ltr'><strong><em>ἐπίκωπον.</em></strong></span> <span class='ocrx_word' id='word_1_61' title='bbox 973 975 1024 1042; x_wconf 87' lang='lat' dir='ltr'><strong>De</strong></span> 
     </span>
     <span class='ocr_line' id='line_1_10' title="bbox 69 1065 1023 1151; baseline 0 -22"><span class='ocrx_word' id='word_1_62' title='bbox 69 1065 194 1132; x_wconf 87' lang='lat' dir='ltr'><strong>Parthis</strong></span> <span class='ocrx_word' id='word_1_63' title='bbox 222 1069 293 1132; x_wconf 75' lang='lat' dir='ltr'><strong>erat</strong></span> <span class='ocrx_word' id='word_1_64' title='bbox 320 1066 495 1132; x_wconf 85' lang='lat' dir='ltr'><strong>silentium:</strong></span> <span class='ocrx_word' id='word_1_65' title='bbox 532 1066 617 1151; x_wconf 90' lang='lat' dir='ltr'><strong>quod</strong></span> <span class='ocrx_word' id='word_1_66' title='bbox 650 1070 809 1150; x_wconf 81' lang='lat' dir='ltr'><strong>superest,</strong></span> <span class='ocrx_word' id='word_1_67' title='bbox 839 1065 874 1130; x_wconf 90' lang='lat' dir='ltr'><strong>di</strong></span> <span class='ocrx_word' id='word_1_68' title='bbox 899 1065 1023 1129; x_wconf 74' lang='lat' dir='ltr'><strong>iuvent!</strong></span> 
     </span>
     <span class='ocr_line' id='line_1_11' title="bbox 70 1152 1051 1239; baseline -0.001 -21"><span class='ocrx_word' id='word_1_69' title='bbox 70 1153 134 1220; x_wconf 84' lang='lat' dir='ltr'><strong>Nos</strong></span> <span class='ocrx_word' id='word_1_70' title='bbox 157 1155 264 1220; x_wconf 84' lang='lat' dir='ltr'><strong>adhuc</strong></span> <span class='ocrx_word' id='word_1_71' title='bbox 285 1155 348 1220; x_wconf 86' lang='lat' dir='ltr'><strong>iter</strong></span> <span class='ocrx_word' id='word_1_72' title='bbox 369 1175 428 1239; x_wconf 88' lang='lat' dir='ltr'><strong>per</strong></span> <span class='ocrx_word' id='word_1_73' title='bbox 449 1153 617 1220; x_wconf 75' lang='lat' dir='ltr'><strong>Graeciam</strong></span> <span class='ocrx_word' id='word_1_74' title='bbox 643 1175 768 1220; x_wconf 86' lang='lat' dir='ltr'><strong>summa</strong></span> <span class='ocrx_word' id='word_1_75' title='bbox 790 1175 864 1218; x_wconf 89' lang='lat' dir='ltr'><strong>cum</strong></span> <span class='ocrx_word' id='word_1_76' title='bbox 886 1152 1051 1218; x_wconf 69' lang='lat' dir='ltr'><strong>admira-³</strong></span> 
     </span>
     <span class='ocr_line' id='line_1_12' title="bbox 71 1241 1025 1327; baseline -0.001 -20"><span class='ocrx_word' id='word_1_77' title='bbox 71 1242 154 1308; x_wconf 85' lang='lat' dir='ltr'><strong>tione</strong></span> <span class='ocrx_word' id='word_1_78' title='bbox 176 1244 326 1326; x_wconf 75' lang='lat' dir='ltr'><strong>fecimus,</strong></span> <span class='ocrx_word' id='word_1_79' title='bbox 356 1261 417 1307; x_wconf 89' lang='lat' dir='ltr'><strong>nec</strong></span> <span class='ocrx_word' id='word_1_80' title='bbox 443 1243 624 1308; x_wconf 88' lang='lat' dir='ltr'><strong>mehercule</strong></span> <span class='ocrx_word' id='word_1_81' title='bbox 651 1243 772 1326; x_wconf 91' lang='lat' dir='ltr'><strong>habeo,</strong></span> <span class='ocrx_word' id='word_1_82' title='bbox 803 1242 888 1327; x_wconf 88' lang='lat' dir='ltr'><strong>qnod</strong></span> <span class='ocrx_word' id='word_1_83' title='bbox 919 1241 1025 1307; x_wconf 79' lang='lat' dir='ltr'><strong>adhue</strong></span> 
     </span>
     <span class='ocr_line' id='line_1_13' title="bbox 73 1330 1025 1414; baseline 0.001 -19"><span class='ocrx_word' id='word_1_84' title='bbox 73 1351 161 1414; x_wconf 89' lang='lat' dir='ltr'><strong>quem</strong></span> <span class='ocrx_word' id='word_1_85' title='bbox 193 1351 343 1397; x_wconf 77' lang='lat' dir='ltr'><strong>accusem</strong></span> <span class='ocrx_word' id='word_1_86' title='bbox 370 1352 527 1397; x_wconf 83' lang='lat' dir='ltr'><strong>meorum:</strong></span> <span class='ocrx_word' id='word_1_87' title='bbox 562 1331 713 1397; x_wconf 81' lang='lat' dir='ltr'><strong>videntur</strong></span> <span class='ocrx_word' id='word_1_88' title='bbox 738 1330 819 1396; x_wconf 88' lang='lat' dir='ltr'><strong>mihi</strong></span> <span class='ocrx_word' id='word_1_89' title='bbox 845 1351 942 1396; x_wconf 85' lang='lat' dir='ltr'><strong>nosse</strong></span> <span class='ocrx_word' id='word_1_90' title='bbox 967 1351 1025 1396; x_wconf 87' lang='lat' dir='ltr'><strong>no·</strong></span> 
     </span>
     <span class='ocr_line' id='line_1_14' title="bbox 74 1417 1025 1505; baseline 0.001 -23"><span class='ocrx_word' id='word_1_91' title='bbox 74 1423 168 1484; x_wconf 82' lang='lat' dir='ltr'><strong>strem</strong></span> <span class='ocrx_word' id='word_1_92' title='bbox 204 1441 336 1486; x_wconf 80' lang='lat' dir='ltr'><strong>causam</strong></span> <span class='ocrx_word' id='word_1_93' title='bbox 366 1423 400 1484; x_wconf 83' lang='lat' dir='ltr'><strong>et</strong></span> <span class='ocrx_word' id='word_1_94' title='bbox 431 1417 654 1486; x_wconf 88' lang='lat' dir='ltr'><strong>condicionem</strong></span> <span class='ocrx_word' id='word_1_95' title='bbox 688 1419 899 1505; x_wconf 85' lang='lat' dir='ltr'><strong>profectionis</strong></span> <span class='ocrx_word' id='word_1_96' title='bbox 935 1439 1025 1502; x_wconf 81' lang='lat' dir='ltr'><strong>suae;</strong></span> 
     </span>
     <span class='ocr_line' id='line_1_15' title="bbox 75 1506 1026 1591; baseline -0.003 -17"><span class='ocrx_word' id='word_1_97' title='bbox 75 1508 163 1590; x_wconf 73' lang='lat' dir='ltr'><strong>plane</strong></span> <span class='ocrx_word' id='word_1_98' title='bbox 184 1509 332 1574; x_wconf 86' lang='lat' dir='ltr'><strong>serviunt</strong></span> <span class='ocrx_word' id='word_1_99' title='bbox 353 1508 584 1574; x_wconf 70' lang='lat' dir='ltr'><strong>existimationi</strong></span> <span class='ocrx_word' id='word_1_100' title='bbox 611 1529 710 1573; x_wconf 84' lang='lat' dir='ltr'><strong>meae.</strong></span> <span class='ocrx_word' id='word_1_101' title='bbox 754 1506 847 1584; x_wconf 81' lang='lat' dir='ltr'><strong>Quod</strong></span> <span class='ocrx_word' id='word_1_102' title='bbox 870 1510 1026 1591; x_wconf 78' lang='lat' dir='ltr'><strong>superest,</strong></span> 
     </span>
     <span class='ocr_line' id='line_1_16' title="bbox 76 1591 1025 1681; baseline -0.001 -21"><span class='ocrx_word' id='word_1_103' title='bbox 76 1597 99 1660; x_wconf 91' lang='lat' dir='ltr'><strong>si</strong></span> <span class='ocrx_word' id='word_1_104' title='bbox 124 1618 232 1662; x_wconf 84' lang='lat' dir='ltr'><strong>verum</strong></span> <span class='ocrx_word' id='word_1_105' title='bbox 257 1597 338 1662; x_wconf 88' lang='lat' dir='ltr'><strong>illud</strong></span> <span class='ocrx_word' id='word_1_106' title='bbox 366 1600 416 1660; x_wconf 87' lang='lat' dir='ltr'><strong>est</strong></span> <span class='ocrx_word' id='word_1_107' title='bbox 443 1596 559 1681; x_wconf 72' lang='grc' dir='ltr'><strong><em>οἵαπερ</em></strong></span> <span class='ocrx_word' id='word_1_108' title='bbox 586 1591 607 1679; x_wconf 82' lang='grc' dir='ltr'><em>ἡ</em></span> <span class='ocrx_word' id='word_1_109' title='bbox 636 1595 811 1678; x_wconf 73' lang='grc' dir='ltr'><strong><em>δέσποινα,</em></strong></span> <span class='ocrx_word' id='word_1_110' title='bbox 841 1599 928 1660; x_wconf 86' lang='lat' dir='ltr'><strong>certe</strong></span> <span class='ocrx_word' id='word_1_111' title='bbox 954 1615 1025 1679; x_wconf 86' lang='lat' dir='ltr'><strong>per·</strong></span> 
     </span>
     <span class='ocr_line' id='line_1_17' title="bbox 77 1684 1027 1769; baseline -0.003 -19"><span class='ocrx_word' id='word_1_112' title='bbox 77 1685 258 1769; x_wconf 73' lang='lat' dir='ltr'><strong>manebunt3</strong></span> <span class='ocrx_word' id='word_1_113' title='bbox 289 1685 372 1750; x_wconf 90' lang='lat' dir='ltr'><strong>nihil</strong></span> <span class='ocrx_word' id='word_1_114' title='bbox 398 1685 484 1750; x_wconf 88' lang='lat' dir='ltr'><strong>enim</strong></span> <span class='ocrx_word' id='word_1_115' title='bbox 508 1707 528 1750; x_wconf 88' lang='lat' dir='ltr'><strong>a</strong></span> <span class='ocrx_word' id='word_1_116' title='bbox 549 1705 601 1750; x_wconf 88' lang='lat' dir='ltr'><strong>me</strong></span> <span class='ocrx_word' id='word_1_117' title='bbox 630 1685 699 1749; x_wconf 73' lang='lat' dir='ltr'><strong>fieri</strong></span> <span class='ocrx_word' id='word_1_118' title='bbox 720 1685 768 1750; x_wconf 83' lang='lat' dir='ltr'><strong>ita</strong></span> <span class='ocrx_word' id='word_1_119' title='bbox 789 1684 958 1768; x_wconf 84' lang='lat' dir='ltr'><strong>videbunt,</strong></span> <span class='ocrx_word' id='word_1_120' title='bbox 988 1686 1027 1748; x_wconf 88' lang='lat' dir='ltr'><strong>ut</strong></span> 
     </span>
     <span class='ocr_line' id='line_1_18' title="bbox 78 1772 1026 1858; baseline -0.002 -22"><span class='ocrx_word' id='word_1_121' title='bbox 78 1773 132 1838; x_wconf 86' lang='lat' dir='ltr'><strong>sibi</strong></span> <span class='ocrx_word' id='word_1_122' title='bbox 152 1775 196 1840; x_wconf 80' lang='lat' dir='ltr'><strong>sit</strong></span> <span class='ocrx_word' id='word_1_123' title='bbox 217 1772 425 1857; x_wconf 86' lang='lat' dir='ltr'><strong>delinquendi</strong></span> <span class='ocrx_word' id='word_1_124' title='bbox 448 1774 551 1839; x_wconf 85' lang='lat' dir='ltr'><strong>loeus:</strong></span> <span class='ocrx_word' id='word_1_125' title='bbox 584 1773 634 1838; x_wconf 89' lang='lat' dir='ltr'><strong>sin</strong></span> <span class='ocrx_word' id='word_1_126' title='bbox 661 1773 695 1837; x_wconf 90' lang='lat' dir='ltr'><strong>id</strong></span> <span class='ocrx_word' id='word_1_127' title='bbox 722 1793 837 1857; x_wconf 82' lang='lat' dir='ltr'><strong>pamm</strong></span> <span class='ocrx_word' id='word_1_128' title='bbox 858 1772 1026 1858; x_wconf 83' lang='lat' dir='ltr'><strong>profuerit,</strong></span> 
     </span>
     <span class='ocr_line' id='line_1_19' title="bbox 78 1860 1025 1946; baseline 0 -22"><span class='ocrx_word' id='word_1_129' title='bbox 78 1860 126 1926; x_wconf 89' lang='lat' dir='ltr'><strong>fiet</strong></span> <span class='ocrx_word' id='word_1_130' title='bbox 150 1862 271 1946; x_wconf 86' lang='lat' dir='ltr'><strong>aliquid</strong></span> <span class='ocrx_word' id='word_1_131' title='bbox 297 1884 319 1926; x_wconf 88' lang='lat' dir='ltr'><strong>a</strong></span> <span class='ocrx_word' id='word_1_132' title='bbox 345 1861 440 1927; x_wconf 91' lang='lat' dir='ltr'><strong>nobis</strong></span> <span class='ocrx_word' id='word_1_133' title='bbox 473 1861 626 1945; x_wconf 58' lang='lat' dir='ltr'><strong>severium</strong></span> <span class='ocrx_word' id='word_1_134' title='bbox 656 1882 734 1926; x_wconf 88' lang='lat' dir='ltr'><strong>nam</strong></span> <span class='ocrx_word' id='word_1_135' title='bbox 761 1860 866 1926; x_wconf 88' lang='lat' dir='ltr'><strong>adhuc</strong></span> <span class='ocrx_word' id='word_1_136' title='bbox 891 1861 1025 1925; x_wconf 83' lang='lat' dir='ltr'><strong>lenitate</strong></span> 
     </span>
     <span class='ocr_line' id='line_1_20' title="bbox 80 1949 1026 2036; baseline 0 -24"><span class='ocrx_word' id='word_1_137' title='bbox 80 1949 175 2015; x_wconf 86' lang='lat' dir='ltr'><strong>dulces</strong></span> <span class='ocrx_word' id='word_1_138' title='bbox 199 1972 310 2016; x_wconf 88' lang='lat' dir='ltr'><strong>sumus</strong></span> <span class='ocrx_word' id='word_1_139' title='bbox 334 1952 379 2036; x_wconf 84' lang='lat' dir='ltr'><strong>et,</strong></span> <span class='ocrx_word' id='word_1_140' title='bbox 403 1953 448 2015; x_wconf 89' lang='lat' dir='ltr'><strong>-ut</strong></span> <span class='ocrx_word' id='word_1_141' title='bbox 469 1972 577 2036; x_wconf 84' lang='lat' dir='ltr'><strong>spero,</strong></span> <span class='ocrx_word' id='word_1_142' title='bbox 607 1950 792 2035; x_wconf 88' lang='lat' dir='ltr'><strong>proficimus</strong></span> <span class='ocrx_word' id='word_1_143' title='bbox 815 1949 1026 2034; x_wconf 84' lang='lat' dir='ltr'><strong>aliquantum.</strong></span> 
     </span>
     <span class='ocr_line' id='line_1_21' title="bbox 81 2031 1026 2125; baseline -0.003 -23"><span class='ocrx_word' id='word_1_144' title='bbox 81 2035 133 2104; x_wconf 83' lang='lat' dir='ltr'><strong>Sed</strong></span> <span class='ocrx_word' id='word_1_145' title='bbox 153 2060 214 2125; x_wconf 79' lang='lat' dir='ltr'><strong>ego</strong></span> <span class='ocrx_word' id='word_1_146' title='bbox 243 2039 343 2123; x_wconf 85' lang='lat' dir='ltr'><strong>hanc,</strong></span> <span class='ocrx_word' id='word_1_147' title='bbox 373 2041 412 2103; x_wconf 87' lang='lat' dir='ltr'><strong>ut</strong></span> <span class='ocrx_word' id='word_1_148' title='bbox 433 2035 532 2104; x_wconf 80' lang='lat' dir='ltr'><strong>Siculi</strong></span> <span class='ocrx_word' id='word_1_149' title='bbox 554 2037 680 2124; x_wconf 87' lang='lat' dir='ltr'><strong>dicunt,</strong></span> <span class='ocrx_word' id='word_1_150' title='bbox 711 2031 846 2115; x_wconf 79' lang='grc' dir='ltr'><strong><em>ἄνεξίαν</em></strong></span> <span class='ocrx_word' id='word_1_151' title='bbox 866 2037 903 2100; x_wconf 91' lang='lat' dir='ltr'><strong>in</strong></span> <span class='ocrx_word' id='word_1_152' title='bbox 924 2057 1026 2100; x_wconf 91' lang='lat' dir='ltr'><strong>unum</strong></span> 
     </span>
     <span class='ocr_line' id='line_1_22' title="bbox 81 2123 1026 2212; baseline -0.006 -20"><span class='ocrx_word' id='word_1_153' title='bbox 81 2147 189 2192; x_wconf 80' lang='lat' dir='ltr'><strong>annum</strong></span> <span class='ocrx_word' id='word_1_154' title='bbox 212 2127 386 2192; x_wconf 84' lang='lat' dir='ltr'><strong>meditatus</strong></span> <span class='ocrx_word' id='word_1_155' title='bbox 409 2148 494 2191; x_wconf 83' lang='lat' dir='ltr'><strong>sum:</strong></span> <span class='ocrx_word' id='word_1_156' title='bbox 524 2126 661 2212; x_wconf 82' lang='lat' dir='ltr'><strong>proinde</strong></span> <span class='ocrx_word' id='word_1_157' title='bbox 683 2145 804 2210; x_wconf 82' lang='lat' dir='ltr'><strong>pugna,</strong></span> <span class='ocrx_word' id='word_1_158' title='bbox 824 2144 876 2210; x_wconf 89' lang='lat' dir='ltr'><strong>ne,</strong></span> <span class='ocrx_word' id='word_1_159' title='bbox 898 2123 927 2188; x_wconf 87' lang='lat' dir='ltr'><strong>si</strong></span> <span class='ocrx_word' id='word_1_160' title='bbox 949 2123 1026 2206; x_wconf 90' lang='lat' dir='ltr'><strong>quid</strong></span> 
     </span>
     <span class='ocr_line' id='line_1_23' title="bbox 81 2210 1066 2301; baseline -0.004 -23"><span class='ocrx_word' id='word_1_161' title='bbox 81 2218 280 2301; x_wconf 84' lang='lat' dir='ltr'><strong>prorogatum</strong></span> <span class='ocrx_word' id='word_1_162' title='bbox 311 2215 367 2298; x_wconf 85' lang='lat' dir='ltr'><strong>sit,</strong></span> <span class='ocrx_word' id='word_1_163' title='bbox 399 2215 502 2299; x_wconf 81' lang='lat' dir='ltr'><strong>turpis</strong></span> <span class='ocrx_word' id='word_1_164' title='bbox 534 2214 689 2280; x_wconf 80' lang='lat' dir='ltr'><strong>inveniar.</strong></span> <span class='ocrx_word' id='word_1_165' title='bbox 734 2211 830 2278; x_wconf 88' lang='lat' dir='ltr'><strong>Nunc</strong></span> <span class='ocrx_word' id='word_1_166' title='bbox 861 2211 957 2276; x_wconf 89' lang='lat' dir='ltr'><strong>redeo</strong></span> <span class='ocrx_word' id='word_1_167' title='bbox 985 2210 1026 2275; x_wconf 90' lang='lat' dir='ltr'><strong>ad</strong></span> <span class='ocrx_word' id='word_1_168' title='bbox 1039 2224 1066 2281; x_wconf 73' lang='lat'><strong>⁶,</strong></span> 
     </span>
     <span class='ocr_line' id='line_1_24' title="bbox 82 2298 1027 2389; baseline -0.003 -23"><span class='ocrx_word' id='word_1_169' title='bbox 82 2323 120 2386; x_wconf 85' lang='lat' dir='ltr'><strong>ea,</strong></span> <span class='ocrx_word' id='word_1_170' title='bbox 140 2325 220 2389; x_wconf 85' lang='lat' dir='ltr'><strong>quae</strong></span> <span class='ocrx_word' id='word_1_171' title='bbox 243 2302 323 2367; x_wconf 91' lang='lat' dir='ltr'><strong>mihi</strong></span> <span class='ocrx_word' id='word_1_172' title='bbox 337 2302 484 2367; x_wconf 82' lang='lat' dir='ltr'><strong>mandas:</strong></span> <span class='ocrx_word' id='word_1_173' title='bbox 507 2303 577 2382; x_wconf 90' lang='lat' dir='ltr'><strong>†in</strong></span> <span class='ocrx_word' id='word_1_174' title='bbox 599 2299 771 2387; x_wconf 82' lang='lat' dir='ltr'><strong>praefectis</strong></span> <span class='ocrx_word' id='word_1_175' title='bbox 792 2299 954 2364; x_wconf 84' lang='lat' dir='ltr'><strong>excusatio</strong></span> <span class='ocrx_word' id='word_1_176' title='bbox 977 2298 1027 2384; x_wconf 91' lang='lat' dir='ltr'><strong>iis,</strong></span> 
     </span>
     <span class='ocr_line' id='line_1_25' title="bbox 83 2386 1026 2475; baseline -0.003 -20"><span class='ocrx_word' id='word_1_177' title='bbox 83 2412 151 2474; x_wconf 88' lang='lat' dir='ltr'><strong>quos</strong></span> <span class='ocrx_word' id='word_1_178' title='bbox 172 2391 276 2475; x_wconf 82' lang='lat' dir='ltr'><strong>voles,</strong></span> <span class='ocrx_word' id='word_1_179' title='bbox 303 2391 441 2456; x_wconf 80' lang='lat' dir='ltr'><strong>deferte:</strong></span> <span class='ocrx_word' id='word_1_180' title='bbox 472 2412 540 2456; x_wconf 91' lang='lat' dir='ltr'><strong>non</strong></span> <span class='ocrx_word' id='word_1_181' title='bbox 560 2411 617 2456; x_wconf 87' lang='lat' dir='ltr'><strong>ero</strong></span> <span class='ocrx_word' id='word_1_182' title='bbox 640 2393 709 2455; x_wconf 91' lang='lat' dir='ltr'><strong>tam</strong></span> <span class='ocrx_word' id='word_1_183' title='bbox 731 2386 906 2474; x_wconf 73' lang='grc' dir='ltr'><strong><em>μετέωρος,</em></strong></span> <span class='ocrx_word' id='word_1_184' title='bbox 929 2409 1026 2473; x_wconf 84' lang='lat' dir='ltr'><strong>quem</strong></span> 
     </span>
     <span class='ocr_line' id='line_1_26' title="bbox 82 2477 1027 2565; baseline -0.001 -23"><span class='ocrx_word' id='word_1_185' title='bbox 82 2478 293 2565; x_wconf 84' lang='lat' dir='ltr'><strong>inAppuleio</strong></span> <span class='ocrx_word' id='word_1_186' title='bbox 322 2479 379 2543; x_wconf 84' lang='lat' dir='ltr'><strong>fui.</strong></span> <span class='ocrx_word' id='word_1_187' title='bbox 425 2477 594 2544; x_wconf 84' lang='lat' dir='ltr'><strong>Xenonem</strong></span> <span class='ocrx_word' id='word_1_188' title='bbox 625 2482 693 2543; x_wconf 86' lang='lat' dir='ltr'><strong>tam</strong></span> <span class='ocrx_word' id='word_1_189' title='bbox 725 2477 825 2563; x_wconf 79' lang='lat' dir='ltr'><strong>diligo</strong></span> <span class='ocrx_word' id='word_1_190' title='bbox 858 2499 954 2561; x_wconf 89' lang='lat' dir='ltr'><strong>quam</strong></span> <span class='ocrx_word' id='word_1_191' title='bbox 980 2479 1027 2562; x_wconf 80' lang='lat' dir='ltr'><strong>tu,</strong></span> 
     </span>
     <span class='ocr_line' id='line_1_27' title="bbox 83 2564 1029 2654; baseline -0.003 -22"><span class='ocrx_word' id='word_1_192' title='bbox 83 2569 156 2650; x_wconf 91' lang='lat' dir='ltr'><strong>quod</strong></span> <span class='ocrx_word' id='word_1_193' title='bbox 177 2569 287 2653; x_wconf 90' lang='lat' dir='ltr'><strong>ipsum</strong></span> <span class='ocrx_word' id='word_1_194' title='bbox 310 2568 429 2632; x_wconf 83' lang='lat' dir='ltr'><strong>sentire</strong></span> <span class='ocrx_word' id='word_1_195' title='bbox 452 2571 539 2633; x_wconf 82' lang='lat' dir='ltr'><strong>certo</strong></span> <span class='ocrx_word' id='word_1_196' title='bbox 563 2567 638 2632; x_wconf 86' lang='lat' dir='ltr'><strong>scio.</strong></span> <span class='ocrx_word' id='word_1_197' title='bbox 677 2565 776 2654; x_wconf 83' lang='lat' dir='ltr'><strong>Apud</strong></span> <span class='ocrx_word' id='word_1_198' title='bbox 797 2564 972 2632; x_wconf 82' lang='lat' dir='ltr'><strong>Patronem</strong></span> <span class='ocrx_word' id='word_1_199' title='bbox 994 2567 1029 2630; x_wconf 84' lang='lat' dir='ltr'><strong>et</strong></span> 
     </span>
     <span class='ocr_line' id='line_1_28' title="bbox 83 2654 1030 2741; baseline 0 -23"><span class='ocrx_word' id='word_1_200' title='bbox 83 2656 209 2741; x_wconf 87' lang='lat' dir='ltr'><strong>reliquos</strong></span> <span class='ocrx_word' id='word_1_201' title='bbox 241 2657 380 2721; x_wconf 88' lang='lat' dir='ltr'><strong>barones</strong></span> <span class='ocrx_word' id='word_1_202' title='bbox 410 2657 444 2720; x_wconf 82' lang='lat' dir='ltr'><strong>te</strong></span> <span class='ocrx_word' id='word_1_203' title='bbox 474 2657 511 2720; x_wconf 86' lang='lat' dir='ltr'><strong>iu</strong></span> <span class='ocrx_word' id='word_1_204' title='bbox 542 2656 682 2720; x_wconf 77' lang='lat' dir='ltr'><strong>maxima</strong></span> <span class='ocrx_word' id='word_1_205' title='bbox 713 2654 819 2740; x_wconf 80' lang='lat' dir='ltr'><strong>grstia</strong></span> <span class='ocrx_word' id='word_1_206' title='bbox 848 2654 959 2738; x_wconf 90' lang='lat' dir='ltr'><strong>posui,</strong></span> <span class='ocrx_word' id='word_1_207' title='bbox 994 2655 1030 2718; x_wconf 80' lang='lat' dir='ltr'><strong>et</strong></span> 
     </span>
     <span class='ocr_line' id='line_1_29' title="bbox 84 2740 1029 2828; baseline -0.002 -21"><span class='ocrx_word' id='word_1_208' title='bbox 84 2741 197 2810; x_wconf 69' lang='lat' dir='ltr'><strong>hercuh</strong></span> <span class='ocrx_word' id='word_1_209' title='bbox 224 2745 340 2810; x_wconf 80' lang='lat' dir='ltr'><strong>merito</strong></span> <span class='ocrx_word' id='word_1_210' title='bbox 366 2747 425 2809; x_wconf 82' lang='lat' dir='ltr'><strong>tuo</strong></span> <span class='ocrx_word' id='word_1_211' title='bbox 451 2744 527 2828; x_wconf 67' lang='lat' dir='ltr'><strong>feci,</strong></span> <span class='ocrx_word' id='word_1_212' title='bbox 558 2765 635 2808; x_wconf 87' lang='lat' dir='ltr'><strong>nam</strong></span> <span class='ocrx_word' id='word_1_213' title='bbox 661 2742 742 2808; x_wconf 90' lang='lat' dir='ltr'><strong>mihi</strong></span> <span class='ocrx_word' id='word_1_214' title='bbox 767 2743 796 2808; x_wconf 93' lang='lat' dir='ltr'><strong>is</strong></span> <span class='ocrx_word' id='word_1_215' title='bbox 822 2743 845 2822; x_wconf 84' lang='lat'>†</span> <span class='ocrx_word' id='word_1_216' title='bbox 870 2745 922 2806; x_wconf 84' lang='lat' dir='ltr'><strong>ter</strong></span> <span class='ocrx_word' id='word_1_217' title='bbox 947 2740 1029 2806; x_wconf 83' lang='lat' dir='ltr'><strong>dixit</strong></span> 
     </span>
     <span class='ocr_line' id='line_1_30' title="bbox 85 2831 1028 2918; baseline -0.004 -22"><span class='ocrx_word' id='word_1_218' title='bbox 85 2833 111 2896; x_wconf 86' lang='lat' dir='ltr'><strong>te</strong></span> <span class='ocrx_word' id='word_1_219' title='bbox 143 2833 307 2918; x_wconf 85' lang='lat' dir='ltr'><strong>scripsisse</strong></span> <span class='ocrx_word' id='word_1_220' title='bbox 342 2832 384 2897; x_wconf 86' lang='lat' dir='ltr'><strong>ad</strong></span> <span class='ocrx_word' id='word_1_221' title='bbox 420 2853 454 2898; x_wconf 88' lang='lat' dir='ltr'><strong>se</strong></span> <span class='ocrx_word' id='word_1_222' title='bbox 494 2831 575 2896; x_wconf 86' lang='lat' dir='ltr'><strong>mihi</strong></span> <span class='ocrx_word' id='word_1_223' title='bbox 610 2854 649 2896; x_wconf 89' lang='lat' dir='ltr'><strong>ex</strong></span> <span class='ocrx_word' id='word_1_224' title='bbox 684 2831 771 2896; x_wconf 87' lang='lat' dir='ltr'><strong>illius</strong></span> <span class='ocrx_word' id='word_1_225' title='bbox 805 2831 923 2895; x_wconf 81' lang='lat' dir='ltr'><strong>litteris</strong></span> <span class='ocrx_word' id='word_1_226' title='bbox 957 2849 1028 2893; x_wconf 87' lang='lat' dir='ltr'><strong>rem</strong></span> 
     </span>
     <span class='ocr_line' id='line_1_31' title="bbox 85 2913 1028 3006; baseline -0.005 -22"><span class='ocrx_word' id='word_1_227' title='bbox 85 2919 160 2985; x_wconf 85' lang='lat' dir='ltr'><strong>illem</strong></span> <span class='ocrx_word' id='word_1_228' title='bbox 185 2941 281 2986; x_wconf 86' lang='lat' dir='ltr'><strong>curae</strong></span> <span class='ocrx_word' id='word_1_229' title='bbox 307 2921 421 3006; x_wconf 79' lang='lat' dir='ltr'><strong>fuisse,</strong></span> <span class='ocrx_word' id='word_1_230' title='bbox 449 2921 536 3005; x_wconf 90' lang='lat' dir='ltr'><strong>quod</strong></span> <span class='ocrx_word' id='word_1_231' title='bbox 563 2920 593 2984; x_wconf 91' lang='lat' dir='ltr'><strong>ei</strong></span> <span class='ocrx_word' id='word_1_232' title='bbox 618 2923 806 3005; x_wconf 79' lang='lat' dir='ltr'><strong>pergratum</strong></span> <span class='ocrx_word' id='word_1_233' title='bbox 829 2921 906 2982; x_wconf 81' lang='lat' dir='ltr'><strong>erat</strong></span> <span class='ocrx_word' id='word_1_234' title='bbox 952 2913 1028 3000; x_wconf 84' lang='lat' dir='ltr'><strong>Sed,</strong></span> 
     </span>
     <span class='ocr_line' id='line_1_32' title="bbox 85 3007 1028 3094; baseline -0.007 -20"><span class='ocrx_word' id='word_1_235' title='bbox 85 3028 170 3091; x_wconf 88' lang='lat' dir='ltr'><strong>quum</strong></span> <span class='ocrx_word' id='word_1_236' title='bbox 194 3007 294 3074; x_wconf 82' lang='lat' dir='ltr'><strong>Patro</strong></span> <span class='ocrx_word' id='word_1_237' title='bbox 320 3030 447 3074; x_wconf 85' lang='lat' dir='ltr'><strong>mecum</strong></span> <span class='ocrx_word' id='word_1_238' title='bbox 474 3009 605 3094; x_wconf 78' lang='lat' dir='ltr'><strong>egisset,</strong></span> <span class='ocrx_word' id='word_1_239' title='bbox 636 3011 675 3073; x_wconf 88' lang='lat' dir='ltr'><strong>ut</strong></span> <span class='ocrx_word' id='word_1_240' title='bbox 703 3011 847 3092; x_wconf 80' lang='lat' dir='ltr'><strong>peterem</strong></span> <span class='ocrx_word' id='word_1_241' title='bbox 874 3026 894 3069; x_wconf 86' lang='lat' dir='ltr'><strong>a</strong></span> <span class='ocrx_word' id='word_1_242' title='bbox 919 3007 1028 3068; x_wconf 81' lang='lat' dir='ltr'><strong>vestro</strong></span> 
     </span>
    </p>
   </div>
   <div class='ocr_carea' id='block_1_3' title="bbox 87 3192 1031 3487">
    <p class='ocr_par' dir='ltr' id='par_1_3' title="bbox 87 3192 1031 3487">
     <span class='ocr_line' id='line_1_33' title="bbox 143 3192 1030 3271; baseline -0.007 -12"><span class='ocrx_word' id='word_1_243' title='bbox 143 3203 165 3259; x_wconf 85' lang='lat' dir='ltr'><strong>E</strong></span> <span class='ocrx_word' id='word_1_244' title='bbox 211 3209 260 3271; x_wconf 88' lang='lat'><strong>11,</strong></span> <span class='ocrx_word' id='word_1_245' title='bbox 278 3207 304 3256; x_wconf 87' lang='lat'><strong>4.</strong></span> <span class='ocrx_word' id='word_1_246' title='bbox 337 3197 480 3256; x_wconf 66' lang='lat' dir='ltr'><strong>isdemnec</strong></span> <span class='ocrx_word' id='word_1_247' title='bbox 499 3200 562 3271; x_wconf 67' lang='grc' dir='ltr'>(ι.)</span> <span class='ocrx_word' id='word_1_248' title='bbox 591 3201 746 3255; x_wconf 80' lang='grc' dir='ltr'><em>ΕΠΙΚΟΝ</em></span> <span class='ocrx_word' id='word_1_249' title='bbox 762 3198 847 3271; x_wconf 63' lang='lat' dir='ltr'><strong>zue.</strong></span> <span class='ocrx_word' id='word_1_250' title='bbox 880 3192 1030 3253; x_wconf 65' lang='lat' dir='ltr'><strong>incudm</strong></span> 
     </span>
     <span class='ocr_line' id='line_1_34' title="bbox 87 3267 1027 3342; baseline -0.007 -13"><span class='ocrx_word' id='word_1_251' title='bbox 87 3272 148 3342; x_wconf 72' lang='lat' dir='ltr'><strong>lim,</strong></span> <span class='ocrx_word' id='word_1_252' title='bbox 189 3315 196 3330; x_wconf 91' lang='lat'><strong>.</strong></span> <span class='ocrx_word' id='word_1_253' title='bbox 230 3287 309 3328; x_wconf 72' lang='lat' dir='ltr'><strong>nosse</strong></span> <span class='ocrx_word' id='word_1_254' title='bbox 324 3277 447 3327; x_wconf 59' lang='lat' dir='ltr'><strong>cccrum</strong></span> <span class='ocrx_word' id='word_1_255' title='bbox 466 3271 524 3341; x_wconf 87' lang='lat' dir='ltr'><strong>(W.</strong></span> <span class='ocrx_word' id='word_1_256' title='bbox 543 3269 639 3342; x_wconf 56' lang='lat' dir='ltr'><strong>conj).</strong></span> <span class='ocrx_word' id='word_1_257' title='bbox 674 3285 703 3324; x_wconf 76' lang='lat' dir='ltr'><strong>e.</strong></span> <span class='ocrx_word' id='word_1_258' title='bbox 726 3267 813 3340; x_wconf 62' lang='lat' dir='ltr'><strong>[noa]</strong></span> <span class='ocrx_word' id='word_1_259' title='bbox 830 3285 858 3322; x_wconf 77' lang='lat' dir='ltr'><strong>n.</strong></span> <span class='ocrx_word' id='word_1_260' title='bbox 876 3268 975 3336; x_wconf 75' lang='lat' dir='ltr'><strong>Klots,</strong></span> <span class='ocrx_word' id='word_1_261' title='bbox 997 3269 1027 3323; x_wconf 93' lang='lat' dir='ltr'><strong>B.</strong></span> 
     </span>
     <span class='ocr_line' id='line_1_35' title="bbox 87 3337 1029 3464; baseline -0.007 -64"><span class='ocrx_word' id='word_1_262' title='bbox 87 3360 220 3412; x_wconf 71' lang='lat' dir='ltr'><strong>seems</strong></span> <span class='ocrx_word' id='word_1_263' title='bbox 238 3343 332 3412; x_wconf 77' lang='lat' dir='ltr'><strong>vulgo.</strong></span> <span class='ocrx_word' id='word_1_264' title='bbox 370 3349 395 3398; x_wconf 79' lang='grc'><strong>6.</strong></span> <span class='ocrx_word' id='word_1_265' title='bbox 432 3343 528 3424; x_wconf 26' lang='lat' dir='ltr'><strong>educa,</strong></span> <span class='ocrx_word' id='word_1_266' title='bbox 546 3357 616 3424; x_wconf 66' lang='lat' dir='ltr'><strong>quoe</strong></span> <span class='ocrx_word' id='word_1_267' title='bbox 632 3340 695 3422; x_wconf 64' lang='lat' dir='ltr'><strong>(lt).</strong></span> <span class='ocrx_word' id='word_1_268' title='bbox 714 3339 838 3408; x_wconf 73' lang='lat' dir='ltr'><strong>adquae</strong></span> <span class='ocrx_word' id='word_1_269' title='bbox 851 3338 932 3464; x_wconf 49' lang='lat' dir='ltr'><strong>(giss,</strong></span> <span class='ocrx_word' id='word_1_270' title='bbox 951 3337 1029 3423; x_wconf 64' lang='lat'><strong>⁰¹¹?</strong></span> 
     </span>
     <span class='ocr_line' id='line_1_36' title="bbox 89 3410 1031 3487; baseline -0.006 -17"><span class='ocrx_word' id='word_1_271' title='bbox 89 3417 109 3487; x_wconf 77' lang='grc' dir='ltr'><strong>β,</strong></span> <span class='ocrx_word' id='word_1_272' title='bbox 123 3415 152 3470; x_wconf 87' lang='grc' dir='ltr'><strong>Β.</strong></span> <span class='ocrx_word' id='word_1_273' title='bbox 168 3445 198 3458; x_wconf 93' lang='grc'><strong>-</strong></span> <span class='ocrx_word' id='word_1_274' title='bbox 217 3416 250 3469; x_wconf 76' lang='lat' dir='ltr'><strong>in</strong></span> <span class='ocrx_word' id='word_1_275' title='bbox 300 3413 353 3480; x_wconf 74' lang='lat' dir='ltr'><strong>aes.</strong></span> <span class='ocrx_word' id='word_1_276' title='bbox 376 3417 494 3482; x_wconf 72' lang='lat' dir='ltr'><strong>suceptio</strong></span> <span class='ocrx_word' id='word_1_277' title='bbox 510 3411 737 3482; x_wconf 72' lang='lat' dir='ltr'><strong>nepotaatendm,</strong></span> <span class='ocrx_word' id='word_1_278' title='bbox 755 3425 822 3479; x_wconf 75' lang='lat' dir='ltr'><strong>quos</strong></span> <span class='ocrx_word' id='word_1_279' title='bbox 875 3410 930 3478; x_wconf 76' lang='lat' dir='ltr'><strong>r.)?</strong></span> <span class='ocrx_word' id='word_1_280' title='bbox 948 3439 982 3450; x_wconf 93' lang='lat'>-</span> <span class='ocrx_word' id='word_1_281' title='bbox 1005 3425 1031 3464; x_wconf 78' lang='lat' dir='ltr'><strong>ss</strong></span> 
     </span>
    </p>
   </div>
   <div class='ocr_carea' id='block_1_4' title="bbox 89 3481 1031 3604">
    <p class='ocr_par' dir='ltr' id='par_1_4' title="bbox 89 3481 1031 3604">
     <span class='ocr_line' id='line_1_37' title="bbox 89 3481 1031 3604; baseline -0.012 -58"><span class='ocrx_word' id='word_1_282' title='bbox 89 3481 716 3555; x_wconf 51' lang='lat' dir='ltr'><strong>mecmr.).ec.t.2(1.1ses)sucss</strong></span> <span class='ocrx_word' id='word_1_283' title='bbox 733 3485 758 3533; x_wconf 70' lang='lat' dir='ltr'><strong>te</strong></span> <span class='ocrx_word' id='word_1_284' title='bbox 775 3481 843 3604; x_wconf 41' lang='lat' dir='ltr'><strong>dp</strong></span> <span class='ocrx_word' id='word_1_285' title='bbox 875 3481 906 3551; x_wconf 89' lang='lat'><strong>.).</strong></span> <span class='ocrx_word' id='word_1_286' title='bbox 941 3481 967 3535; x_wconf 80' lang='lat' dir='ltr'><strong>ie</strong></span> <span class='ocrx_word' id='word_1_287' title='bbox 991 3485 1031 3535; x_wconf 77' lang='lat' dir='ltr'><strong>ter</strong></span> 
     </span>
    </p>
   </div>
   <div class='ocr_carea' id='block_1_5' title="bbox 89 3549 1032 3624">
    <p class='ocr_par' dir='ltr' id='par_1_5' title="bbox 89 3549 1032 3624">
     <span class='ocr_line' id='line_1_38' title="bbox 89 3549 1032 3624; baseline -0.008 -12"><span class='ocrx_word' id='word_1_288' title='bbox 89 3557 110 3612; x_wconf 83' lang='lat' dir='ltr'><strong>d.</strong></span> <span class='ocrx_word' id='word_1_289' title='bbox 121 3562 144 3612; x_wconf 76' lang='lat' dir='ltr'><strong>te</strong></span> <span class='ocrx_word' id='word_1_290' title='bbox 154 3557 246 3624; x_wconf 77' lang='lat' dir='ltr'><strong>nul,</strong></span> <span class='ocrx_word' id='word_1_291' title='bbox 260 3555 291 3612; x_wconf 91' lang='grc' dir='ltr'><strong>Β.</strong></span> <span class='ocrx_word' id='word_1_292' title='bbox 306 3585 339 3594; x_wconf 98' lang='grc'>-</span> <span class='ocrx_word' id='word_1_293' title='bbox 356 3553 444 3610; x_wconf 76' lang='lat' dir='ltr'><strong>Patro</strong></span> <span class='ocrx_word' id='word_1_294' title='bbox 459 3553 513 3624; x_wconf 82' lang='lat' dir='ltr'><strong>(l).</strong></span> <span class='ocrx_word' id='word_1_295' title='bbox 547 3552 701 3606; x_wconf 74' lang='lat' dir='ltr'><strong>Patronem</strong></span> <span class='ocrx_word' id='word_1_296' title='bbox 714 3550 780 3604; x_wconf 81' lang='lat' dir='ltr'><strong>MR.</strong></span> <span class='ocrx_word' id='word_1_297' title='bbox 841 3555 923 3605; x_wconf 72' lang='lat' dir='ltr'><strong>odron</strong></span> <span class='ocrx_word' id='word_1_298' title='bbox 936 3549 1032 3620; x_wconf 64' lang='lat' dir='ltr'><strong>(Rupe</strong></span> 
     </span>
    </p>
   </div>
   <div class='ocr_carea' id='block_1_6' title="bbox 0 0 1295 3960">
    <p class='ocr_par' dir='ltr' id='par_1_6' title="bbox 0 0 1295 3960">
     <span class='ocr_line' id='line_1_39' title="bbox 0 0 1295 3960; baseline 0 0"><span class='ocrx_word' id='word_1_299' title='bbox 0 0 1295 3960; x_wconf 95' lang='lat' dir='ltr'><strong> </strong></span> 
     </span>
    </p>
   </div>
  </div>
 </body>
</html>
