2582 3980
286 207 547 268 Erlsnotolwll
564 210 615 264 AD
634 209 787 266 BRUTUM
806 211 827 266 1.
846 217 887 267 re.
1002 210 1065 276 631

105 353 207 424 Stoici
235 354 340 422 nostri
365 357 490 438 negent
518 348 630 438 fugere
653 354 817 438 sapientes
840 378 897 438 —3
930 353 1096 420 Romame

108 447 145 511 ut
167 442 251 527 veni,
274 442 384 511 stetim
406 463 458 508 me
481 442 585 508 obtuli
600 441 738 508 Antonii
761 443 873 508 sceleri
896 446 992 527 etque
1015 443 1068 508 de-

108 531 262 615 mentiae,
294 552 389 614 quem
411 551 511 614 quum
532 531 568 596 in
595 551 649 596 me
669 531 901 613 incitavissem,
921 532 1070 597 'consilio

108 620 190 690 inire
213 619 306 708 coepi
327 616 465 687 Brutina
485 619 582 702 plone
596 655 639 667 -
660 619 760 684 vestri
781 619 867 684 enim
889 619 969 685 heco
993 624 1072 685 sunt

109 708 242 792 proprio
255 707 422 793 sanguinis
438 741 479 756 -
493 707 541 773 rei
563 708 710 791 publicae
728 707 922 772 oberendee
954 707 1069 794 Longe

108 799 200 879 eunt,
224 817 307 879 queo
328 798 466 884 restent,
492 796 789 881 etpreetereondc,
822 799 899 860 sunt
921 795 1008 860 enim
1030 797 1069 861 de

110 905 176 952 me:
199 886 328 954 tentum
350 883 431 967 dico,
453 881 731 950 Oceeoremhuno
745 884 991 968 adolescentem,
1013 907 1071 969 per

108 994 206 1058 quem
225 971 329 1041 adhuc
344 993 463 1055 snmus,
486 973 513 1038 si
527 995 638 1046 verum
651 972 747 1038 fetori
761 974 919 1056 volumus,
940 972 1070 1038 fluxisse

109 1083 150 1132 ex
177 1061 268 1130 fonto
296 1061 505 1130 consiliorum
530 1082 684 1128 meorum
728 1060 813 1127 Huic
840 1061 945 1128 hebiti
971 1082 991 1125 s
1019 1077 1098 1130 mer

110 1150 262 1234 honores,
281 1150 365 1218 wnulli
387 1149 534 1233 quidem,
555 1148 665 1233 Brute,
687 1150 751 1216 nisi
774 1150 889 1234 debit„
904 1149 987 1216 nulli
1008 1149 1074 1214 nisi

110 1238 295 1321 necessarii,
315 1242 355 1308 uc
372 1238 458 1305 enim
480 1238 620 1323 primum
641 1239 824 1304 libertatem
837 1259 988 1303 revocem
1002 1259 1072 1303 ooc-

111 1326 232 1412 pimue,
264 1349 364 1411 quum
392 1347 426 1392 se
448 1326 593 1396 nondum
616 1349 657 1392 ne
680 1327 807 1394 Decimi
828 1327 956 1411 quidem
978 1325 1073 1390 Bruti
1181 1399 1183 1404 ,

111 1415 223 1484 divine
245 1416 347 1484 virtue
368 1415 416 1482 ite
429 1415 664 1500 commovisset,
685 1420 723 1482 ut
736 1416 802 1480 ism
814 1415 849 1480 id
862 1415 942 1482 scire
964 1435 1073 1499 posse·

111 1525 199 1585 mus,
222 1507 322 1588 etque
341 1525 438 1570 omne
458 1503 657 1589 praesidium
679 1503 821 1570 oscetin
843 1525 952 1588 puero,
975 1503 1031 1587 qui
1053 1523 1074 1567 s

110 1592 294 1661 cervicibus
311 1592 433 1662 noctiis
456 1592 625 1658 evertisset
646 1591 842 1677 Antonium,
874 1592 946 1676 quis
967 1591 1073 1660 honos

112 1680 143 1746 ei
166 1701 234 1749 non
255 1681 319 1748 fnit
346 1680 586 1748 decernendus?
622 1703 817 1766 quemquem
844 1701 906 1766 ego
933 1681 982 1746 illi
1002 1684 1074 1748 tum

112 1769 285 1838 verborum
306 1769 435 1838 leodem
456 1769 565 1855 mom,
588 1792 724 1855 comque
744 1769 916 1853 mcdiccm3
948 1768 1075 1834 decrevi

112 1856 212 1924 edem
223 1858 406 1942 imperium„
422 1857 509 1942 quod
523 1879 718 1943 quemquem
731 1858 900 1924 videbatur
913 1857 962 1921 illi
976 1857 1075 1922 aetati

112 1944 340 2029 honorificum,
367 1949 478 2012 temen
505 1950 575 2012 eret
602 1947 776 2013 exercitum
802 1945 937 2015 habenti
965 1965 1074 2009 necee-

112 2034 244 2115 sarium,
267 2033 345 2116 quid
366 2033 453 2100 enim
475 2036 526 2098 eet
548 2033 618 2098 sine
639 2033 776 2115 imperio
791 2031 973 2100 exercitos?
1004 2030 1075 2096 Ste-

113 2126 206 2188 terem
218 2120 388 2206 Philippus
400 2120 551 2204 decrevit,
573 2121 769 2186 celeritatem
789 2120 957 2204 petitionis
969 2120 1075 2204 primo

113 2207 259 2292 Servius,
287 2211 363 2292 poet
388 2208 544 2278 maionem
571 2208 669 2275 etism
682 2207 857 2278 ,Servilium
883 2208 977 2272 'nihil
1005 2212 1077 2272 tum

113 2296 253 2364 nimium
274 2296 459 2380 videbotm5
483 2296 539 2364 sed
561 2297 748 2380 nescioquo
771 2297 869 2362 modo
890 2296 1020 2362 feoihm
1040 2296 1104 2360 in⁸

113 2386 231 2454 tinore
260 2385 395 2470 benigni
417 2406 514 2470 quem
535 2385 571 2449 in
593 2385 727 2454 victoris
749 2385 837 2470 greti
859 2384 1076 2469 reperiuntur:

114 2494 177 2559 ogo
201 2473 303 2557 enim,
334 2473 374 2542 D.
397 2472 499 2540 B'ruto
514 2473 658 2539 liberato
680 2495 781 2558 quum
803 2473 999 2538 laetissimus
1022 2472 1077 2536 ille

115 2562 240 2636 civitati
272 2562 339 2632 dios
366 2562 525 2630 illuxisset
550 2561 698 2646 idemque
728 2583 805 2628 cesu
831 2559 927 2626 Bruti
956 2561 1077 2626 natalis

115 2655 209 2734 esset,
231 2650 366 2736 decrevi,
388 2650 473 2716 utin
490 2650 585 2716 foetis
599 2650 640 2716 od
655 2671 727 2716 eum
742 2650 827 2716 diem
839 2649 935 2742 limti
957 2669 1077 2714 nomen

114 2738 330 2811 ascriberetur
336 2790 345 2822 ,
366 2739 402 2804 in
424 2759 525 2823 eoque
549 2760 622 2803 sum
642 2739 802 2806 meierum
823 2739 1005 2822 exemplum
1028 2759 1077 2801 ee·

114 2830 225 2912 cutus,
252 2827 307 2914 qni
333 2827 420 2896 huno
446 2827 604 2894 honorem
633 2827 760 2892 mulieri
783 2826 956 2892 Lmentiee
975 2825 1078 2890 tribu·

114 2919 221 2999 enini,
243 2916 334 2982 ouius
355 2937 414 2984 voe
436 2915 606 3000 pontifices
629 2915 671 2980 od
693 2935 782 2982 eorm
805 2915 841 2979 in
863 2914 1004 2980 Velchro
1028 2935 1077 2978 ec·

115 3003 271 3074 orificium
284 3003 389 3072 facere
403 3004 524 3088 soletis,
544 3004 631 3088 quod
645 3024 706 3089 ego
720 3025 819 3088 quum
833 3002 951 3066 dabam
965 3000 1078 3085 Bruto,

115 3095 229 3164 notem
253 3112 321 3160 esse
344 3092 379 3156 in
398 3092 493 3160 foetis
508 3092 712 3179 gratissimae
733 3091 888 3159 victoriae
911 3090 1077 3175 sempiter-

116 3199 192 3247 nom
222 3179 382 3263 volebam
414 3181 504 3266 alqui
529 3182 587 3248 illc
617 3181 669 3244 die
691 3179 830 3266 cognovi
855 3178 943 3244 haud
968 3178 1077 3263 paullo

186 3333 240 3405 Ep.
262 3342 303 3405 15,
323 3341 347 3391 5.
376 3333 463 3391 Stoici
480 3339 563 3392 vestri
581 3338 663 3405 (lunt,
683 3337 747 3405 cll?
775 3365 809 3375 -
832 3336 926 3407 sopore
943 3336 1079 3404 capientes

116 3405 164 3472 (W
167 3408 192 3474 .).
212 3407 233 3474 f.
252 3407 385 3475 sapientie
403 3407 512 3478 (vulgo,
531 3409 563 3462 ut
580 3423 640 3476 sap.
659 3407 697 3461 sit
714 3406 839 3478 genitivo
858 3421 925 3461 casu
942 3405 1079 3474 dictum)l

116 3482 142 3532 tl.
161 3481 275 3543 remant,
292 3483 317 3532 rt
330 3494 377 3547 pr.
396 3478 472 3547 (Ψ).
504 3495 537 3544 r.,
552 3495 597 3548 pv.
616 3477 711 3559 vulgo.
749 3483 773 3532 8.
798 3476 854 3531 Vel.
872 3475 1077 3543 smrifieironf.

116 3545 221 3616 (mili,
236 3546 341 3617 vulgo).
361 3547 421 3602 Om.
431 3563 453 3603 c.
470 3547 554 3616 le.,
567 3565 603 3604 m.
619 3565 690 3618 conJ.
711 3545 742 3602 V.
753 3547 830 3619 [e.]f.
843 3547 875 3602 B.
885 3577 918 3588 —-
932 3547 1079 3617 Atquio'llo
