2582 3980
223 227 291 292 626
512 225 550 281 Μ.
570 222 694 280 TULLII
711 220 901 280 CICERONIS

222 371 379 455 hostium,
411 369 467 435 sed
496 370 617 435 bellum
639 368 793 435 acerrime
815 369 902 434 tarra
925 370 1068 454 marique
1091 371 1186 456 gerit,

223 461 313 525 cuius
337 459 441 524 exitus
455 459 510 542 qui
530 458 659 522 futurus
673 458 724 541 sit,
746 457 983 523 incertumst:
1006 459 1061 542 iu,
1084 479 1186 544 quum

222 564 385 634 rogamur,
406 551 445 612 ut
466 545 716 612 misericordiam
738 545 849 610 theris
863 547 931 611 eius
952 546 1186 632 impertiamus,

222 636 305 700 nihil
327 636 472 726 affertur,
500 653 567 719 *quo
595 635 702 699 minus
728 652 855 699 summa
878 635 1057 719 ‘supplicia
1090 637 1184 700 οῖ’-

221 725 309 810 quod
336 723 482 809 Iuppiter
512 741 608 789 omen
640 723 778 788 avertat!
811 756 853 770 -
883 727 980 808 pater
1009 743 1185 808 puerorum

195 814 349 897 evicerit,
379 811 547 878 subeunda
574 811 669 877 nobis
695 811 772 876 sint.
815 809 885 875 Nee
915 831 991 877 vero
1014 833 1067 877 me
1089 812 1186 899 fugit,

222 922 320 986 quam
343 902 386 966 sit
408 901 559 966 acerbum
580 903 752 985 parentum
773 900 1048 965 scelercfiliorum
1070 902 1185 984 poenis

222 991 281 1076 lui,
307 990 367 1055 sed
389 989 452 1055 hoc
473 989 636 1074 praeclare
657 988 784 1074 legibus
804 991 1029 1073 comparatum
1052 994 1117 1074 est,
1147 995 1186 1054 ut

224 1080 341 1144 caritas
371 1079 545 1144 liberorum
577 1078 743 1143 amiciores
774 1081 925 1161 parentes
956 1078 1003 1141 rei
1035 1078 1183 1162 publicae

221 1168 382 1251 redderet,
403 1167 514 1251 itaque
526 1165 667 1251 Lepidus
688 1165 825 1231 crudelis
847 1166 883 1230 iu
905 1165 1034 1250 liberos,
1056 1184 1127 1231 non
1148 1168 1185 1251 is,

222 1257 278 1340 qui
300 1256 459 1341 Lepidum
480 1256 608 1321 hostem
629 1254 759 1319 iudicat
803 1253 926 1356 Atque,
954 1254 1061 1357 illesi
1082 1256 1185 1320 'armis

221 1342 1185 1516 talaiatitillamentis⁰:513?

221 1523 307 1586 irent
328 1522 421 1586 liberi
441 1521 535 1586 bonis
558 1520 738 1605 publicatis.
775 1519 991 1604 Quamquam,
1014 1520 1102 1604 quod
1125 1525 1184 1586 tus

221 1614 325 1674 mater
348 1614 381 1675 et
404 1631 495 1675 soror
517 1609 707 1692 deprecatur
728 1629 787 1693 pro
810 1609 933 1692 pueris,
961 1608 995 1672 id
1017 1609 1127 1692 ipsum
1151 1614 1183 1674 et

221 1699 324 1762 multa
347 1699 412 1762 alia
434 1697 613 1763 crudeliora
634 1696 728 1761 nobis
752 1695 901 1761 omnibus
923 1695 1080 1781 Lepidus,
1113 1697 1183 1762 An·

220 1786 331 1851 tonius
345 1789 378 1850 et
391 1787 505 1870 reliqui
527 1786 637 1850 hostes
652 1784 857 1867 denuntiant3
878 1785 988 1868 itaque
1006 1786 1183 1851 maximam
1284 1861 1285 1872 ,

222 1895 311 1960 spem
342 1875 405 1940 hoo
435 1877 581 1958 tempore
607 1873 763 1938 habemus
789 1873 825 1936 in
852 1876 886 1937 te
914 1876 1011 1957 utque
1037 1875 1182 1940 exercitu

220 1967 290 2029 tuo:
315 1985 415 2048 quum
428 1963 470 2027 ad
482 1964 529 2028 rei
551 1962 699 2048 publicae
712 1983 881 2046 summam,
902 1964 973 2026 tum
986 1961 1028 2026 ad
1040 1963 1183 2048 gloriam

221 2056 254 2117 et
276 2051 468 2138 dignitatem
485 2055 576 2116 tuam
590 2051 796 2118 vehementer
817 2049 958 2134 pertinet
979 2053 1021 2134 ts,
1043 2055 1083 2116 ut
1104 2057 1182 2118 aute

221 2140 344 2225 scripsi,
365 2141 401 2205 in
414 2139 544 2204 ltaliam
567 2139 675 2204 venire
698 2160 795 2224 quam
817 2138 971 2224 primum3
995 2142 1070 2225 eget
1093 2142 1182 2206 euim
1283 2131 1284 2148 *

220 2229 428 2294 vehementer
471 2251 550 2294 uum
571 2227 693 2292 viribus
715 2227 794 2311 tuis,
824 2230 895 2292 tum
923 2227 1021 2294 etiam
1044 2229 1181 2294 consilio

192 2329 272 2383 eres
294 2317 431 2401 publica.
491 2321 610 2382 etersm
632 2315 784 2399 prosius
807 2319 930 2401 ergata
953 2315 1182 2382 benevolentia
1282 2357 1283 2382 l

221 2405 441 2491 singularique
473 2405 578 2471 officio
610 2403 750 2469 libenter
780 2424 820 2468 ex
849 2403 915 2468 tuis
946 2403 1063 2470 litteris
1093 2405 1181 2470 com-

220 2495 332 2577 plexus
365 2517 436 2559 sum
463 2514 599 2577 eumque
628 2514 728 2577 quum
756 2491 819 2576 tui,
849 2496 920 2556 tum
950 2493 997 2557 rei
1030 2494 1180 2578 publicae

221 2581 492 2646 studiosissimum
515 2580 834 2666 amantissimumque
860 2581 1007 2666 cognovi.
1053 2579 1181 2648 Cicero·
1281 2583 1282 2604 ¹

220 2690 295 2733 nem
309 2691 416 2734 meum
429 2669 624 2755 propediem,
646 2673 684 2733 ut
703 2689 806 2754 spero,
820 2668 949 2752 videb03
970 2673 1078 2735 tecum
1092 2671 1181 2736 enim

219 2757 311 2823 illum
340 2759 417 2838 †at
443 2761 476 2823 te
507 2759 543 2824 in
568 2755 698 2822 Italiam
730 2756 874 2822 celeriter
905 2779 975 2824 esse
1006 2763 1194 2826 venturum.
1280 2835 1281 2840 ἵ

220 2845 356 2912 confido.

652 2949 743 3017 XIII.

587 3073 629 3142 (A.
648 3091 675 3127 u.
694 3089 717 3128 c.
739 3073 810 3141 711.)

484 3176 627 3235 BRUTUS
645 3175 816 3233 CICERONI
835 3177 910 3234 SAL.
934 3194 939 3202 ·

194 3299 207 3338 1
287 3282 337 3352 De
351 3286 394 3353 M.
408 3285 529 3371 Lepido
544 3288 646 3352 vereri
664 3309 715 3352 me
737 3287 826 3372 cogit
848 3269 1044 3372 reliquorum
1066 3289 1179 3355 timor:

222 3373 277 3456 qui
300 3377 327 3437 si
351 3376 503 3460 eripuerit
526 3397 559 3440 se
582 3376 686 3460 nobis,
711 3375 797 3460 quod
820 3375 917 3441 velim
939 3378 1059 3444 temere
1082 3382 1179 3463 atque

292 3493 444 3562 Ep.12,2.
463 3495 646 3564 demorante
664 3495 748 3566 (Wll
784 3502 810 3552 8.
828 3497 908 3554 illem
925 3501 944 3566 †
962 3502 987 3554 a
1003 3501 1050 3554 tc.
1065 3539 1072 3556 .
1086 3514 1178 3556 casea

222 3559 298 3629 (W.).
325 3564 404 3617 illum
421 3566 454 3618 in
471 3565 499 3619 I.
518 3581 540 3621 c.
1059 3618 1062 3624 -
