2582 3980
261 199 518 255 EPISTOLARUM
536 201 586 254 AD
604 199 757 256 BRUTUM
774 203 797 256 1.
815 207 840 256 2.
859 206 884 257 3.
983 200 1048 264 613

542 445 602 514 ΙΙΙ.

459 571 501 636 (A.
520 589 548 625 u.
567 587 590 625 c.
611 576 670 625 ⁷11.
739 535 743 543 Ι

385 673 514 731 CICERO
532 675 654 732 BRUTO
674 674 747 734 SAL

155 779 297 847 Nostrae
333 804 384 849 res
421 785 552 850 meliore
583 786 654 850 loco
686 783 892 868 videbantur3
929 783 1074 869 scriptur

83 871 177 934 enim
201 870 241 935 ad
260 875 292 936 te
316 875 403 937 certo
427 873 502 957 scio,
525 895 608 958 quae
630 875 723 957 gesta
745 872 829 936 sunt.
857 872 974 949 Quales
987 874 1048 937 tibi

84 970 186 1042 saop'e
214 959 327 1043 scripsi
354 961 516 1045 consules,
546 963 628 1026 tales
661 959 860 1025 exstiterunt.
901 959 1048 1026 Caesaris

83 1067 166 1112 vero
198 1049 290 1131 pueri
321 1047 455 1113 mirifica
489 1048 613 1114 indoles
645 1049 787 1114 virtutis:
823 1049 948 1113 utinam
980 1053 1048 1113 tam

83 1135 185 1199 facile
208 1158 281 1200 eum
303 1135 472 1202 florentem
494 1141 527 1203 et
548 1137 726 1204 honoribus
749 1140 783 1202 et
809 1139 915 1223 gratia
936 1153 1047 1223 regere

85 1245 127 1288 ac
150 1227 260 1288 tenere
288 1226 462 1309 possimus,
494 1249 591 1310 quum
617 1227 713 1290 facile
741 1225 845 1291 adhuc
872 1227 1048 1290 tenuimus!

86 1315 140 1376 est
154 1313 287 1378 omnino
301 1314 381 1378 illud
394 1313 565 1399 difficilius,
589 1315 643 1380 sed
659 1319 769 1379 tamen
782 1335 850 1380 non
865 1315 1047 1398 diffidimus,

85 1421 280 1484 persuasum
303 1407 352 1466 est
375 1403 460 1467 enim
477 1403 681 1488 adolescenti,
703 1403 885 1468 etmuxime
908 1425 966 1487 per
988 1423 1049 1487 me,

86 1489 160 1554 eius
183 1508 281 1574 opera
302 1492 455 1556 nos'esse
479 1493 601 1584 salvos²
628 1495 662 1556 et
684 1493 783 1576 certe,
808 1491 872 1556 nisi
893 1491 922 1555 is
945 1489 1047 1555 Anto-

87 1578 181 1642 nium
204 1579 245 1643 ab
268 1579 348 1644 urbe
370 1581 551 1664 avertisset,
582 1581 742 1664 perissent
764 1580 881 1645 omnia.
926 1575 1075 1644 Triduos

87 1687 167 1732 vero
200 1671 257 1732 sut
284 1669 455 1752 quatriduo
482 1671 557 1734 ante
583 1669 669 1734 hano
683 1721 685 1723 .
699 1689 768 1733 rem
799 1669 1048 1753 pulcherrimam

87 1756 207 1820 timore
230 1756 370 1840 quodam
391 1759 538 1841 perculsa
560 1757 672 1822 civitas
694 1760 765 1822 tota
788 1757 828 1821 ad
857 1761 889 1821 te
917 1757 951 1821 se
974 1777 1048 1821 cum

89 1843 286 1998 ploniugippp
308 1849 342 1997 ᾗ
362 1846 471 1998 libertis
487 1847 690 1999 leletlundebat3
720 1845 831 1910 eadem
853 1849 1048 1996 mgesslafl·

115 1951 202 1997 ,ιιι
254 1955 295 1997 a.
344 1956 466 1999 eraso
511 1955 683 1998 ucrenrre
727 1953 902 1998 uamsea
962 1951 1048 1996 erre

90 2021 246 2086 malebat:
270 2043 333 2106 quo
357 2023 486 2106 quidam
508 2021 559 2086 die
582 1955 775 2106 magnoiirm
793 2041 937 2084 meorum
959 2019 1047 2084 lebo-

89 2131 164 2173 rum
186 2111 423 2194 multarumque
436 2109 620 2195 vigiliarum
633 2110 773 2174 fructum
790 2108 860 2192 cepi
873 2107 1048 2172 maximum

92 2197 187 2262 —si
214 2197 310 2262 modo
340 2202 390 2263 est
415 2198 531 2283 aliquis
561 2198 686 2262 fructus
714 2218 753 2261 cx
779 2196 882 2260 solida
910 2216 1048 2278 veraque

92 2285 197 2370 gloria
220 2310 279 2369 —3
301 2307 379 2350 nam
399 2290 511 2352 tantae
533 2285 763 2370 multitudinis,
785 2287 940 2390 quantam
963 2284 1049 2367 capit

92 2373 170 2438 urbs
193 2377 315 2458 nostru,
337 2394 511 2440 concursus
525 2378 575 2440 est
595 2375 636 2439 ad
659 2395 713 2438 me
731 2373 847 2456 factus,
869 2395 889 2436 a
911 2393 975 2457 qua
997 2394 1048 2435 us-

94 2470 155 2546 q'ne
177 2463 213 2526 in
233 2461 430 2547 Capitolium
451 2463 606 2528 deductus
628 2461 767 2526 maximo
791 2462 929 2525 clamor‘e
952 2463 1049 2544 atque

93 2552 209 2634 plausu
230 2552 266 2616 in
292 2552 405 2618 rostris
432 2552 607 2616 collocatus
635 2571 719 2615 sum:
750 2549 833 2614 nihil
860 2552 910 2614 est
935 2549 969 2613 in
996 2568 1048 2613 me

94 2641 191 2704 inane
209 2675 251 2688 —
275 2660 379 2724 neque
401 2641 487 2705 enim
509 2640 603 2704 debet
621 2675 673 2724 -,
696 2638 750 2703 scd
772 2642 881 2703 tamen
906 2637 1050 2703 omnium

95 2728 244 2794 ordinum
273 2750 463 2813 consensus,
494 2728 672 2813 gratimum
699 2727 784 2792 aetio
812 2727 1049 2812 gratulatioque

96 2837 146 2881 me
169 2821 350 2882 commovet
370 2820 556 2902 propterea,
588 2815 674 2900 q'uod
696 2816 883 2899 popularem
906 2835 957 2878 me
980 2833 1049 2876 esse

96 2907 130 2970 in
151 2907 263 2990 populi
285 2907 388 2971 salute
410 2906 611 2990 praeclarum
633 2907 691 2968 est.
720 2901 783 2968 Sed
805 2904 885 2967 haec
907 2905 940 2966 te
962 2900 1078 2965 malos

97 2994 137 3058 eb
159 2993 239 3060 aliis.
268 2993 322 3059 Me
335 2995 432 3059 uelim
454 2995 494 3059 de
515 2995 581 3058 tuis
603 2993 699 3058 rebus
722 2991 927 3074 consiliisque
948 2989 1050 3054 facias
1131 3023 1132 3026 ¹

98 3082 339 3168 diligentissime
362 3083 530 3148 certiorem
551 3082 694 3166 illudque
717 3078 907 3162 consideres,
929 3100 971 3143 ne
993 3081 1051 3143 tua

97 3171 271 3236 liberalitas
303 3170 488 3237 dissolutior
516 3170 675 3254 uideatur:
713 3168 758 3233 sio
785 3167 884 3232 sentit
910 3170 1051 3251 senatus,

153 3397 217 3469 'Ep
237 3405 262 3468 3,
283 3405 306 3454 1,
338 3398 463 3454 natatis:
488 3403 528 3455 ct.
553 3397 623 3466 (Mt,
645 3395 704 3466 BL,
723 3395 827 3465 vulgo).
858 3355 1050 3451 o.ctu.lld1.

98 3488 120 3526 a.
139 3475 189 3525 est:
206 3487 235 3525 a.
254 3469 409 3540 Eucliden,
427 3469 457 3524 B.
495 3475 519 3523 2.
548 3468 687 3526 commorit
707 3482 812 3522 ...ow
829 3481 883 3522 esse
903 3465 1051 3536 ..procot

97 3547 159 3598 esea
178 3541 225 3612 (W
227 3543 263 3612 .)?
281 3541 326 3596 An
344 3539 493 3596 delendum
512 3542 556 3594 est
572 3555 613 3594 me
631 3537 781 3607 (Gruter.)?
