2484 3974
236 202 302 268 342
519 203 556 258 M.
576 203 699 262 TULLII
717 201 908 258 CICERONIS
1123 249 1128 258 .

236 370 312 414 eave
344 350 452 412 nubem
482 351 577 432 pubes
613 369 805 432 quemquam
835 348 1001 413 hominem
1031 348 1071 413 in
1103 347 1193 413 Italia
1228 363 1229 400 l

128 477 129 486 κ
235 441 363 520 turpem
386 457 464 521 esse,
486 437 541 521 qui
563 437 640 501 hine
663 437 760 502 absit:
783 436 849 501 vidi
871 437 940 521 ipse
963 436 1108 502 Formiis
1130 437 1193 501 uni·

235 547 359 609 versos,
385 546 489 609 neque
511 525 692 590 mehercule
718 545 873 609 umquam
902 525 1052 590 homines
1076 526 1193 610 putari,

237 617 270 678 eb
291 635 405 678 noram
427 635 553 699 omnes,
581 613 638 680 sed
660 634 838 698 numquam
860 635 926 679 uno
947 615 1020 680 loeo
1042 614 1193 679 uideram.

210 701 413 788 aPergamus
426 703 535 788 igitur,
557 724 621 786 qno
643 703 759 787 placeb,
782 704 814 768 eb
831 706 945 767 nostra
968 703 1082 768 omnia
1104 704 1193 767 relin-

237 813 385 875 quamus:
417 791 658 875 proficiscamur
679 790 830 876 adeum,
857 791 908 855 oui
939 792 1065 876 gratior
1089 796 1194 856 noster

237 880 394 944 adventus
422 880 496 964 erit,
527 902 623 964 quam
650 880 678 944 si
704 901 772 945 una
796 877 979 962 iuissemus3
1011 884 1087 944 tum
1114 881 1193 944 enim

236 989 363 1034 eramus
386 968 421 1034 in
443 969 583 1034 maxima
606 990 672 1053 spe,
693 989 781 1033 nune
803 987 864 1053 ego
888 969 1018 1052 quidem
1040 968 1079 1033 in
1102 969 1194 1050 nulla,
1229 1011 1230 1066 1

236 1078 297 1124 nee
331 1059 460 1142 praeter
492 1078 544 1121 mo
571 1056 742 1142 quisquam
767 1055 864 1122 Italia
896 1057 1005 1141 cessio,
1041 1057 1111 1122 nisi
1144 1057 1193 1140 qui

236 1146 324 1212 hune
353 1146 520 1211 inimicum
551 1144 614 1210 eibi
644 1148 782 1229 putaret
825 1143 895 1210 Nae
924 1146 1112 1210 mehercule
1138 1143 1193 1210 hoe

236 1235 321 1300 isoio
352 1235 399 1298 rei
429 1235 577 1319 publicae
609 1255 719 1318 eausa,
750 1255 848 1318 quam
876 1233 1024 1299 fundibus
1057 1235 1192 1299 deletam

236 1327 330 1407 pulo,
353 1325 472 1388 sedne
495 1323 566 1408 quis
589 1343 640 1388 me
662 1326 756 1407 pubet
776 1323 942 1408 ingratum
963 1323 999 1386 in
1022 1344 1115 1407 aum,
1145 1321 1193 1406 qui

236 1433 289 1476 me
314 1412 435 1477 levavit
455 1412 495 1478 iis
523 1411 749 1496 incommodis,
780 1411 898 1496 quibus
924 1410 1010 1476 idem
1037 1411 1192 1492 affecerab

237 1503 271 1566 ab
292 1501 397 1584 simul,
419 1499 505 1585 quod
528 1523 575 1585 ea,
598 1522 680 1584 quae
701 1500 785 1565 fiunt
802 1502 858 1564 aul
872 1521 953 1584 quae
977 1503 1062 1564 eerie
1088 1500 1192 1564 futura

238 1591 330 1673 sunl,
356 1589 463 1654 videre
485 1611 554 1655 non
574 1610 716 1674 possum.
760 1587 871 1652 Etiam
892 1588 1041 1672 equidem
1063 1591 1191 1653 senalus
1230 1607 1231 1676 ξ

237 1678 386 1742 eonsulba
407 1677 495 1743 faeta
517 1678 676 1762 quaedam
697 1678 763 1742 ium
792 1680 885 1761 puto,
912 1677 1038 1742 ubinam
1059 1678 1099 1742 in
1122 1675 1189 1740 Vol-

238 1765 314 1829 eabii
345 1766 552 1831 sententiam!
588 1766 645 1831 sed
672 1765 749 1850 quid
778 1765 900 1833 referi?
936 1769 987 1830 esb
1013 1766 1104 1830 enim
1133 1783 1190 1828 una

238 1854 399 1919 uenientia
430 1855 588 1939 omnium3
619 1854 675 1920 sed
706 1854 767 1918 erit
797 1854 1030 1918 immitissimus
1058 1853 1189 1932 Servius,

238 1943 293 2027 qui
315 1943 417 2009 filium
439 1943 528 2008 misit
551 1942 592 2008 ad
615 1942 822 2028 effligendum
846 1939 903 2008 On.
926 1942 1119 2027 Pompeium
1141 1943 1189 2018 aul

238 2035 322 2096 certe
358 2031 549 2117 capiendum
585 2053 657 2096 eum
687 2029 805 2098 Pontio
836 2030 1015 2114 Titinian03
1052 2031 1115 2096 etsi
1144 2029 1188 2094 hie

238 2120 366 2204 quidem
394 2121 520 2186 timoris
552 2142 662 2204 eausa,
693 2120 748 2184 ille
778 2119 877 2184 uero?
913 2120 969 2185 sed
1000 2116 1188 2186 stomachari

238 2209 421 2276 desinamus
449 2212 482 2275 eb
508 2202 680 2294 aliquando
708 2207 884 2273 sentiamus
910 2207 992 2273 nihil
1015 2208 1112 2274 nobis
1134 2205 1187 2271 nisi
1231 2263 1232 2288 ἶ

237 2296 284 2383 id,
315 2298 402 2382 quod
433 2297 564 2362 minime
595 2298 724 2382 vellem,
755 2295 903 2381 spiritum
932 2297 1093 2381 reliquum
1119 2315 1187 2360 esse.

211 2383 324 2470 eNoS,
368 2386 521 2471 quoniam
557 2408 709 2470 superum
744 2406 832 2450 mare
868 2385 1046 2470 obsidetur,
1091 2384 1186 2450 infero

238 2475 463 2559 navigabimus
485 2479 531 2559 eh,
558 2475 586 2540 si
607 2473 751 2540 Puteolis
773 2474 834 2539 erib
856 2473 999 2558 difficile,
1021 2471 1187 2539 (hotonem

238 2563 384 2645 petemus
407 2567 465 2628 aul
478 2558 665 2629 Thurios'eb
686 2561 764 2627 boni
778 2563 872 2646 cives,
894 2565 1041 2627 emanbee
1062 2561 1186 2648 patriae,

239 2671 327 2714 mare
358 2651 514 2716 infestum
544 2651 747 2717 habebimus:
784 2651 881 2714 aliam
910 2651 1071 2716 ralionem
1101 2649 1186 2716 huius

239 2739 316 2803 belli
352 2740 485 2824 gerendi
520 2741 643 2806 nullam
679 2738 782 2805 video.
839 2737 879 2803 In
914 2737 1102 2826 Aegyptum
1135 2756 1186 2802 uos

240 2827 407 2893 abdemus:
437 2829 577 2893 exercitu
599 2849 694 2912 pares
715 2849 787 2892 esse
808 2848 876 2893 non
897 2849 1083 2912 possumus3
1107 2823 1185 2912 pacis

212 2916 319 2981 efidee
350 2918 441 2982 nulla
471 2919 529 2982 est.
583 2915 646 2982 Sed
682 2916 762 2981 haee
798 2916 876 2980 sabis
908 2917 1076 3000 deplorata
1112 2917 1185 2982 sunt

241 3005 291 3069 Tu
312 3005 409 3071 velim
431 3005 555 3070 litteras
576 3003 767 3088 Cephalioni
789 3003 844 3069 des
868 3003 907 3069 de
929 3006 1080 3070 omnibus
1102 3005 1184 3070 rebus

241 3095 334 3177 aclis,
361 3095 498 3178 denique
520 3094 618 3158 ahiem
640 3092 680 3157 de
703 3093 906 3157 sermonibus
926 3093 1108 3179 hominum,
1132 3090 1184 3158 nisi

240 3183 336 3266 plane
369 3183 607 3248 obmutuerunt.
651 3179 725 3266 Ego
756 3181 821 3246 tuis
853 3181 995 3246 consiliis
1021 3204 1099 3247 usus
1125 3199 1183 3246 sun

241 3270 450 3356 maximeque,
473 3271 558 3355 quod
582 3273 615 3334 ei
628 3270 820 3354 gravitatem
839 3270 874 3334 in
888 3291 1063 3355 congressu
1085 3272 1183 3336 nostro

261 3511 264 3517 -
311 3479 480 3547 sp.1o,s.
516 3481 649 3534 auom
679 3482 770 3534 mee
797 3478 882 3550 (wia
915 3509 948 3522 -
984 3481 1123 3536 cumeae·
1142 3477 1182 3544 (l).

242 3547 320 3612 rues.
338 3549 431 3618 vulgo.
531 3574 535 3582 ·
