2574 3966
215 215 282 280 430
329 267 335 278 .
498 213 535 267 Μ.
555 211 678 268 TULLII
696 211 886 269 CICERONIS

183 359 378 426 ceolumnis.
422 357 473 424 De
496 354 630 423 Cocceio
652 360 686 422 el
708 356 831 424 Libone
855 380 937 443 quse
959 358 1082 443 scribis,
1116 381 1195 444 ap-

209 449 323 534 probo,
345 447 492 530 maxime,
515 467 597 530 quse
620 445 659 512 de
681 445 825 511 iudicatu
848 468 929 513 meo.
966 447 1016 514 De
1039 469 1193 532 sponsu,

210 536 239 602 si
266 535 342 620 quid
374 534 587 622 perspexeris,
618 537 651 600 et
681 537 805 620 lemen,
837 535 914 619 quid
943 539 1191 620 procuratores

198 621 374 692 ,Cornificii
396 623 518 706 diosnl,
548 623 646 688 velim
673 623 768 707 scire,
795 623 856 708 ilo,
885 627 922 688 ul
947 623 983 690 in
1011 646 1049 691 ea
1069 647 1103 690 re
1131 628 1189 710 te,

211 735 309 798 quum
332 715 400 778 lam
423 713 598 796 occupatus
621 711 677 794 sis,
696 733 764 778 nou
782 713 921 776 multum
935 735 1051 797 operae
1072 714 1187 779 velim

209 822 339 887 ponere.
382 800 433 866 De
459 797 605 864 Antonio
632 798 755 864 Balbus
787 821 914 886 quoque
946 801 987 866 ed
1019 822 1070 867 me
1095 823 1184 868 eum

210 887 315 975 Oppio
339 887 543 972 conscripsit,
574 887 670 973 idque
692 888 754 953 tibi
778 889 952 973 placuisse,
982 911 1025 954 ne
1046 895 1183 975 peruir-

210 977 316 1043 berer:
347 977 412 1042 illis
435 975 488 1062 egi
511 975 647 1062 gretiam
672 979 705 1040 le
728 979 857 1062 lunen,
877 981 916 1042 ul
941 979 1007 1043 iam
1030 982 1106 1044 ante
1128 979 1180 1044 sd

209 1070 242 1132 te
274 1067 401 1152 scripsi,
432 1065 513 1131 scire
544 1065 618 1130 volo
646 1085 697 1128 me
729 1087 833 1150 neque
863 1066 927 1131 isio
954 1068 1072 1132 nuntio
1102 1089 1180 1134 esse

183 1155 434 1242 sperturbacum
460 1173 520 1218 nec
542 1153 608 1217 iam
635 1154 701 1218 ullo
725 1154 949 1238 perturbatum
970 1155 1019 1220 iri.
1064 1155 1178 1222 Pensa

210 1244 238 1309 si
263 1243 374 1327 hodic,
405 1245 443 1307 ul
470 1243 624 1327 putabas,
655 1243 819 1327 profectus
847 1247 908 1328 esl,
939 1245 1078 1329 posthac
1106 1246 1175 1310 iem

209 1332 344 1418 incipito
368 1331 505 1396 scribere
529 1331 570 1394 ed
592 1351 654 1415 me,
676 1331 715 1396 de
737 1329 833 1396 Bruti
855 1332 996 1397 adventu
1019 1333 1099 1418 quid
1121 1355 1172 1398 ex·

210 1424 348 1506 spectes,
369 1419 403 1484 id
425 1423 488 1504 est,
511 1439 592 1502 quos
615 1418 656 1484 ed
679 1419 761 1484 dies:
793 1420 836 1504 id,
858 1420 886 1485 si
908 1422 1004 1506 scies,
1027 1422 1086 1486 ubi
1108 1423 1171 1486 ium

183 1511 262 1595 isid,
283 1509 378 1574 focile
402 1509 586 1574 coniectura
608 1529 786 1592 assequere.
831 1507 924 1585 Quod
954 1509 995 1574 sd
1018 1509 1171 1576 Tironem

211 1598 250 1664 de
273 1596 425 1663 Terentio
448 1595 575 1679 scribis,
598 1597 731 1662 obsecro
753 1601 800 1681 le,
831 1598 877 1662 mi
898 1595 1021 1682 Attice,
1045 1600 1169 1684 suscipe

209 1689 316 1752 totum
337 1685 518 1770 negotium:
540 1684 629 1750 vides
643 1689 676 1750 et
698 1684 841 1751 officium
864 1687 918 1772 agi
940 1708 1050 1752 meum
1073 1688 1170 1772 quod·
1224 1683 1227 1690 '

210 1774 299 1859 dem,
331 1774 383 1839 cui
409 1776 446 1838 tu
473 1795 508 1838 es
531 1774 692 1858 conscius,
723 1778 768 1858 el,
799 1777 837 1839 ul
862 1775 1013 1840 nonnulli
1045 1780 1171 1860 pulani,

210 1860 374 1929 Ciceronis
396 1883 478 1946 rem3
508 1885 560 1928 me
584 1861 712 1947 quidem
738 1862 772 1926 id
800 1864 903 1929 multo
926 1863 1031 1949 magis
1055 1870 1172 1949 movet,

211 1951 297 2036 quod
318 1949 398 2016 mihi
421 1954 471 2015 esl
493 1953 526 2015 ed
548 1950 690 2016 sanetius
714 1954 747 2015 el
773 1951 952 2037 antiquius,
980 1955 1172 2037 praesertim

211 2062 309 2125 quum
335 2040 398 2105 hcc
425 2040 561 2104 alterum
588 2060 692 2123 neque
719 2040 880 2106 sincerum
906 2061 1010 2124 neque
1043 2041 1171 2108 firmum

209 2132 320 2213 putem
342 2128 422 2194 fore.

656 2319 728 2386 XX.

369 2441 427 2496 Scr.
445 2441 565 2498 Asturae
582 2458 677 2497 mense
696 2442 797 2498 Martio
815 2458 840 2497 u.
860 2461 887 2498 u.
905 2458 929 2498 o.
949 2448 1009 2499 709.

483 2546 631 2604 CICERO
649 2547 801 2603 ΑΤΤΙΟΟ
819 2547 902 2604 SAL.

184 2675 196 2716 ι
275 2652 431 2722 Nondum
451 2655 569 2722 videris
595 2657 789 2742 perspicere,
821 2679 918 2742 quem
944 2680 996 2724 me
1019 2679 1083 2726 nec
1105 2659 1173 2726 An·

208 2743 319 2811 ’eonius
355 2745 564 2811 commoverit
603 2767 662 2810 nec
701 2746 876 2831 quidquem
911 2746 977 2812 iem
1012 2748 1173 2816 eiusmodi

211 2833 313 2918 possid
344 2854 553 2900 commovere.
597 2833 647 2899 De
674 2833 825 2899 Terenlio
852 2838 960 2901 sulem
987 2836 1103 2921 scripsi
1131 2838 1171 2902 cd

209 2926 242 2986 le
264 2921 305 2987 iis
327 2921 454 3007 litteris,
476 2943 556 3006 quas
579 2922 729 2987 dederam
750 2923 861 3008 pridie.
906 2921 999 3000 Quod
1021 2945 1075 2991 nie
1097 2925 1172 2992 hor·

209 3010 289 3076 deris
311 3009 408 3096 idque
422 3033 442 3076 o
456 3011 570 3076 ceteris
586 3011 759 3076 desiderari
776 3010 899 3097 scribis,
920 3015 958 3077 ui
970 3012 1172 3080 dissimulem

209 3120 261 3163 me
292 3101 360 3164 dem
392 3099 534 3186 graviter
566 3098 686 3184 dolere,
716 3121 891 3184 possumne
922 3101 1041 3187 magis,
1073 3124 1171 3188 quum

211 3186 296 3272 quod
318 3189 407 3253 lotos
430 3187 497 3254 dies
520 3208 674 3254 consumo
697 3187 732 3252 in
754 3187 895 3254 litteris?
918 3189 1003 3273 quod
1017 3191 1081 3256 etsi
1102 3213 1171 3258 non

281 3342 333 3413 up.
354 3349 402 3412 ιι,
422 3349 445 3398 1.
477 3360 548 3415 quae
570 3345 602 3400 u
624 3345 751 3400 sucum
774 3346 846 3415 (ve).
877 3347 950 3416 quoa
967 3347 999 3402 e
1021 3346 1041 3402 s.
1065 3329 1171 3420 (nul,

212 3413 326 3484 vulgo)'?
362 3413 413 3484 Ep.
433 3421 476 3482 20,
497 3421 521 3469 1.
540 3414 578 3471 ud
595 3419 621 3470 te
637 3416 674 3470 iis
693 3415 745 3484 (R,
763 3415 869 3489 vulgo).
893 3416 931 3473 ud
947 3422 973 3472 te
990 3417 1028 3472 eis
1047 3418 1170 3489 (MIB.)2

213 3517 245 3526 -
264 3501 346 3553 quom
363 3485 435 3566 quod
452 3490 471 3540 t.
490 3485 546 3554 (M,
565 3485 666 3556 A.,1‹*.,
685 3485 774 3558 Oxx.).
799 3503 881 3558 mmm
898 3492 917 3542 t.
936 3488 986 3542 ΕΙ.
1005 3503 1029 3559 q.
1048 3505 1134 3559 quum
1151 3495 1170 3546 t.

214 3552 296 3608 Gron.
316 3569 396 3624 comp,
414 3555 445 3609 B.
