2622 3962
263 232 590 289 urlsronnaun-no
609 231 772 289 nrrlcun
789 235 810 288 l.
830 241 855 289 4.
874 241 898 289 5.
1042 233 1061 296 Ἰ

27 403 29 444 ι
103 399 217 443 sorore
240 381 309 462 tua,
329 379 422 444 testis
440 377 500 444 erit
517 379 578 446 tibi
600 380 681 464 ipsa,
703 381 844 464 quantae
866 377 945 442 mihi
967 398 1063 444 ouras

27 463 28 470 '
104 467 219 550 fuerit,
251 469 290 531 ut
318 465 430 542 Quinti
460 467 570 531 framis
600 468 727 532 animus
753 468 789 532 in
816 487 888 531 eam
915 466 1063 550 essetis,

27 589 28 594 ι
101 555 161 637 qui
184 575 256 619 esse
279 553 422 620 deberet:
450 575 546 638 quem
567 576 668 638 quum
690 576 759 620 esse
787 554 990 622 offensiorem
1013 575 1062 618 ar·

105 642 254 726 bitrarer,
275 663 330 706 eas
344 643 468 706 litteras
482 642 524 706 ed
539 663 611 708 eum
625 642 708 727 misi,
725 643 841 726 quibus
854 645 888 708 et
900 643 1063 727 placarem

104 733 143 793 ut
163 730 301 794 fratrem
324 733 357 794 et
378 751 542 796 monerem
564 734 602 795 ut
623 731 781 796 minorem
804 733 837 795 et
858 731 1064 816 obiurgarem

104 821 143 882 ut
164 822 343 901 errantem3
372 819 481 903 itaque
503 841 543 882 ex
564 819 622 903 iis,
654 840 737 902 quae
761 821 876 903 postea
903 839 999 903 saepe
1021 818 1064 884 ab

104 927 143 971 eo
166 907 210 970 ad
233 927 285 970 me
308 906 429 990 scripta
451 907 541 992 sunt,
568 907 693 974 confido
716 907 763 972 ita
786 928 855 972 esee
878 907 1001 991 omnia,
1025 910 1064 971 nt

104 997 139 1058 et
161 997 314 1078 oporteat
335 998 371 1058 et
382 995 524 1059 velimus.
552 993 601 1059 De
614 995 796 1060 litterarum
818 994 971 1060 missione
994 993 1090 1058 sines

104 1103 205 1146 causa
228 1082 288 1148 abs
309 1086 343 1146 te
366 1103 512 1166 accusor3
534 1103 712 1167 numquam
734 1082 820 1148 enim
842 1103 863 1146 a
884 1081 1064 1166 Pomponia

106 1175 220 1235 nostra
253 1169 370 1235 certior
402 1192 474 1236 surn
500 1170 607 1236 faetus
636 1191 718 1255 esse,
748 1171 801 1234 cui
832 1169 909 1235 dare
939 1170 1063 1234 litteras

106 1279 247 1342 possem,
260 1280 358 1343 porro
373 1263 482 1324 autem
494 1277 600 1343 neque
613 1258 693 1324 mihi
707 1258 835 1342 accidit,
852 1261 890 1324 ut
903 1257 1064 1341 haberem,

105 1346 161 1430 qui
183 1347 220 1411 in
237 1346 375 1430 Epirum
397 1343 660 1432 proficisceretur,
681 1346 863 1431 nequedum
875 1347 908 1410 te
922 1346 1063 1412 Athenis

105 1455 175 1498 esse
190 1433 409 1500 audiebamus.
435 1435 484 1500 De
498 1435 684 1500 Acutiliano
699 1439 807 1500 autem
828 1435 965 1520 negotio
976 1434 1089 1519 quode

107 1523 186 1587 mihi
209 1523 392 1607 mandaras,
413 1527 451 1588 ut
472 1524 613 1608 primum
635 1545 655 1588 a
676 1528 734 1588 tuo
757 1523 904 1608 ὥςιοιιιι
925 1521 1063 1587 Romam

107 1611 189 1695 veni,
212 1611 424 1696 confeceram,
446 1611 502 1676 sed
516 1611 641 1696 accidit,
663 1615 747 1678 utet
760 1611 968 1678 contentione
981 1609 1063 1675 nihil

106 1719 189 1782 opus
213 1702 300 1764 esset
321 1701 354 1763 et
376 1702 414 1764 ut
439 1719 514 1785 ego,
541 1700 597 1784 qui
623 1701 658 1764 in
684 1702 718 1766 te
745 1699 825 1764 satis
851 1698 977 1764 consilii
999 1701 1062 1764 stu

22 1813 23 1818 ¹
107 1787 225 1850 tuerim
249 1807 335 1871 esse,
356 1788 486 1852 mallem
508 1786 710 1852 Peducaeum
731 1788 791 1852 tibi
814 1788 984 1853 consilium
1006 1808 1063 1872 per

110 1873 234 1939 litteras
257 1896 355 1958 quam
377 1895 428 1939 me
452 1876 540 1940 dere:
568 1877 702 1960 etenim,
728 1897 827 1961 quum
853 1875 1063 1940 multosdies

108 1983 202 2028 cures
226 1984 315 2028 meas
328 1962 471 2030 Acutilio
486 1963 655 2048 dedissem
677 1964 766 2030 cuius
781 1964 938 2032 sermonis
962 1983 1063 2049 genus

108 2050 168 2116 tibi
190 2055 306 2116 notum
328 2071 397 2116 esse
420 2052 569 2136 arbitror,
590 2073 658 2117 non
680 2052 760 2117 milri
774 2072 872 2137 grave
886 2051 964 2116 duxi
987 2051 1063 2115 scri-

110 2138 183 2203 bere
207 2139 249 2202 ad
270 2143 303 2203 te
327 2139 365 2204 de
387 2139 473 2204 illius
497 2140 721 2224 querimoniis,
742 2160 842 2223 quum
869 2158 923 2203 eas
946 2138 1065 2222 audire,

111 2227 195 2309 quod
223 2230 293 2292 erat
316 2228 536 2312 eubodiosum,
563 2229 632 2293 leve
660 2231 837 2311 putassem3
865 2226 920 2290 sed
947 2225 1064 2292 abste

111 2314 195 2400 ipso,
218 2315 275 2400 qui
297 2336 347 2380 me
372 2337 515 2400 accusas,
537 2337 619 2380 unas
643 2315 723 2380 mihi
745 2313 826 2379 scito
847 2313 973 2378 litteras
995 2313 1064 2377 red·

110 2402 193 2468 ditas
227 2424 310 2488 esse,
342 2424 489 2488 quume
472 2403 611 2469 etotii
625 2403 666 2468 ad
698 2399 902 2468 scribendum
932 2401 1005 2486 plus
1032 2404 1066 2465 et

111 2489 298 2555 facultatem
326 2490 424 2555 dandi
446 2491 600 2558 maiorem
626 2488 786 2556 habueris.
822 2487 914 2566 Quod
942 2487 1091 2572 scribier

112 2579 238 2644 etiamsi
265 2577 355 2661 cuins
383 2580 508 2644 animus
540 2581 575 2645 in
602 2583 634 2643 te
662 2583 747 2644 esset
773 2574 938 2661 offensior,
965 2599 985 2640 a
1006 2598 1064 2641 me

112 2667 256 2752 recolligi
271 2671 431 2753 oportere,
445 2669 539 2746 video,
563 2667 640 2752 quid
654 2667 741 2731 dicas
743 2687 867 2750 ,neque
881 2665 915 2730 id
928 2664 1065 2750 neglexi,

114 2754 240 2818 sedt
190 2758 240 2820 est
267 2756 349 2821 miro
377 2755 516 2839 quodam
542 2756 638 2820 modo
667 2753 808 2823 affectus
848 2749 926 2854 Ego.
949 2756 1065 2833 autem,

113 2863 193 2925 quae
226 2841 361 2907 dicenda
391 2844 524 2908 fuerunt
557 2841 595 2908 de
618 2847 660 2928 te,
690 2863 758 2906 non
789 2841 951 2928 praeterii3
989 2803 1065 2924 quid

114 2933 221 2994 autem
243 2933 320 2995 cont
305 2929 502 2996 tendendum
525 2934 617 3016 esset,
640 2953 679 2995 ex
696 2933 753 2994 tua
775 2929 931 3014 putabam
952 2928 1064 2992 volun·

114 3019 178 3081 tate
201 3040 253 3119 me
276 3022 416 3084 statuere
439 3021 596 3105 oportere,
619 3040 715 3102 quam
729 3017 812 3082 suad
835 3039 886 3080 me
908 3015 1065 3102 perscrip-

114 3106 253 3190 seris,in
253 3107 378 3194 telliges
396 3129 447 3172 mo
466 3129 569 3191 neque
584 3106 821 3192 diligentiorem
835 3125 904 3169 esse
918 3103 1065 3186 voluisse,

181 3345 233 3419 Ep.
258 3355 287 3418 5,
316 3357 340 3404 3.
372 3351 500 3405 modone
521 3349 635 3423 (vulgo)
617 3351 811 3419 mortemne
838 3347 983 3416 (Be‚mbus
976 3345 1065 3469 ,ffat

114 3367 293 3475 «semmei
309 3437 332 3476 a
351 3420 511 3489 (Corradus,
529 3421 561 3487 l.;
588 3422 660 3475 duxi
681 3435 761 3476 resec.
780 3419 887 3542 plerlg,
873 3417 989 3472 uecdd

116 3487 215 3560 lam?
251 3497 277 3546 5.
294 3505 348 3560 op,
364 3493 450 3558 uideo,
464 3491 554 3560 guid(
543 3489 674 3560 (Miller).
692 3489 753 3546 Οιιι.
766 3489 844 3544 vedeo
854 3435 954 3553 iuml
971 3485 1065 3554 vulgo.

115 3574 148 3627 0,
164 3566 246 3631 mco,
263 3578 288 3631 q.
309 3561 363 3630 On,
382 3561 414 3615 B.
