2608 3972
235 261 493 320 EPISTOLARUM
511 265 561 320 AD
579 265 743 322 ATTICUM
760 267 781 322 1.
802 275 843 324 18.
864 276 905 325 19.
1004 269 1047 334 37

98 403 200 480 Quare
226 425 316 488 cura,
347 410 385 472 ut
406 411 438 472 te
462 409 721 494 quamprimum
743 411 916 480 videamus.
956 413 1047 480 Vale.

96 511 139 558 xn
162 493 232 560 Kal.
254 493 348 560 Febr.
375 494 412 572 Q.
434 495 566 563 Metello
589 497 625 564 L.
648 497 785 565 Afranio
808 521 889 567 coss.

528 705 616 773 XIX.

249 823 308 882 scr.
325 825 432 882 Romae
450 827 549 883 Idibus
566 827 676 885 Martiis
695 846 719 884 a
738 847 765 885 n
783 846 807 884 c.
826 835 887 886 cet.

382 931 510 988 CICERO
529 932 663 990 ATTICO
682 934 758 990 SAL.

154 1037 232 1106 Non
255 1041 367 1126 modo,
389 1042 417 1107 si
438 1041 519 1107 mihi
540 1045 669 1108 tantum
692 1045 777 1106 esset
800 1042 867 1127 otii,
889 1046 1072 1127 quantumr

93 1131 140 1192 eet
160 1128 230 1214 libi,
254 1130 487 1213 verumetiam,
510 1129 537 1195 si
555 1133 623 1194 tam
637 1129 750 1196 breves
765 1129 917 1214 epistolas
931 1133 1047 1196 vellem

90 1217 230 1301 mittere,
262 1238 359 1302 quam
387 1221 424 1283 tu
448 1219 545 1302 soles,
571 1217 666 1282 facilc
692 1221 726 1282 te
750 1234 934 1302 superarem
956 1223 990 1284 et
1011 1221 1047 1284 in

91 1305 259 1370 scribendo
286 1306 389 1370 multo
419 1325 522 1370 essem
555 1306 697 1370 crebrior
718 1327 815 1390 quam
843 1310 893 1391 tu3
921 1307 976 1372 sed
1005 1309 1046 1373 ad

91 1413 230 1458 summas
245 1397 342 1477 atque
355 1393 557 1458 incredibiles
572 1395 798 1478 occupationes
812 1415 902 1459 meas
915 1396 1046 1480 accedit,

90 1482 171 1564 quod
194 1481 321 1546 nullam
344 1503 364 1546 a
386 1501 437 1546 me
459 1481 533 1547 volo
556 1483 726 1565 epistolam
748 1482 790 1547 ad
811 1487 844 1547 te
864 1483 933 1548 sinc
951 1503 1045 1569 argu·

89 1573 196 1634 mento
221 1589 260 1634 ac
283 1571 445 1635 sententia
467 1570 643 1653 pervenire.
678 1568 724 1636 Et
745 1570 885 1655 primum
906 1571 981 1655 tibi,
1008 1579 1047 1636 ut

89 1677 226 1741 aequum
250 1661 300 1722 est
321 1659 383 1722 civi
406 1659 529 1723 amanti
555 1659 708 1742 patriam,
739 1678 821 1742 quae
853 1660 988 1724 suntin
1010 1681 1045 1725 re

87 1746 226 1829 publica,
249 1759 422 1830 exponam5
444 1745 572 1829 deinde,
595 1747 749 1830 quoniam
770 1745 831 1810 tibi
853 1767 962 1812 amore
983 1761 1046 1813 nos

86 1835 224 1916 proximi
248 1855 373 1918 sumus,
395 1834 571 1899 scribemus
594 1835 691 1900 etiam
714 1834 871 1899 danobis
894 1855 941 1919 ea,
963 1856 1045 1920 quae

88 1923 165 1986 scire
188 1924 223 1986 te
246 1941 314 1988 non
337 1923 423 1986 nolle
440 1922 642 1987 arbitramur.
670 1921 778 2006 Atque
800 1923 836 1986 in
858 1942 892 1986 re
915 1923 1072 2008 publicar

86 2007 745 2184 lusttuusttllttgtt,
758 2013 909 2182 bellini
926 2015 1045 2184 tlte

86 2188 205 2251 malam
234 2189 424 2272 pugnarunt
450 2188 483 2250 et
509 2185 650 2252 Helvetii
678 2187 747 2251 sine
776 2186 873 2252 dubio
906 2187 1045 2252 suntin

86 2275 183 2360 armis
206 2275 474 2358 excursionesque
497 2274 533 2338 in
553 2274 754 2359 provinciam
776 2273 910 2338 faciunt.
947 2271 1045 2338 Sena·

85 2366 136 2426 tus
159 2363 320 2446 decrevit,
355 2364 393 2427 at
420 2363 568 2428 consules
596 2362 675 2426 duas
698 2361 819 2426 Gellius
843 2361 1045 2445 sortirentur,

86 2450 228 2516 delectus
251 2450 440 2534 haberetur,
471 2449 657 2516 vacationes
680 2469 722 2514 ne
754 2450 913 2535 valerent,
943 2450 1045 2536 legati

85 2559 157 2603 cum
190 2539 382 2604 auctoritate
414 2539 637 2622 mitterentur,
674 2539 729 2622 qui
760 2537 890 2603 adirent
920 2535 1044 2604 Galliae

85 2627 233 2692 mutates
257 2625 435 2712 darentque
458 2647 603 2710 operam,
630 2647 671 2690 ne
695 2647 751 2692 eae
775 2647 809 2690 se
832 2647 905 2690 cum
927 2625 1043 2692 Helve-

84 2714 137 2780 tiis
159 2716 405 2800 coniungereut.
432 2711 547 2800 Legati
570 2717 647 2779 sunt
669 2711 706 2789 Q.
725 2712 875 2778 Metellus
898 2711 1043 2780 Creticus

86 2805 117 2866 et
137 2799 176 2868 L.
198 2801 335 2868 Flaccus
356 2805 404 2887 et,
425 2797 463 2867 τὸ
488 2799 542 2866 ἐπὶ
563 2801 603 2888 τῇ
626 2800 717 2887 φακῇ
740 2797 863 2886 μύρον,
885 2799 1043 2870 Lentulus

152 3027 206 3098 sp.
226 3034 273 3097 19,
293 3035 316 3084 1.
344 3029 426 3095 calm,
452 3027 535 3096 scale
552 3032 581 3096 te,
595 3029 662 3096 (m.).
681 3043 703 3082 s.
721 3011 832 3095 faccrej
846 3031 871 3082 te
893 3027 988 3098 vulgo.
1007 3055 1041 3066 -

165 3101 224 3154 sint
235 3100 268 3154 in
281 3115 311 3154 re
319 3115 350 3168 p.
365 3099 450 3168 (wll
477 3106 503 3154 2.
522 3097 626 3181 Gallici
639 3095 702 3154 belli
714 3103 840 3154 curatur
852 3095 923 3179 (ill,
936 3095 1044 3166 vulgo).
1088 3105 1091 3114 ‘

85 3114 283 3254 mnemia
299 3169 330 3225 P.
353 3171 393 3240 (or
416 3169 459 3224 cd.
477 3167 641 3253 Puppienus
666 3179 684 3223 s
700 3167 883 3223 Mommsenio
902 3165 1044 3249 oonausp

84 3238 392 3382 usuras
427 3243 464 3393 l.
479 3235 1044 3388 mummulus

84 3379 122 3435 ΖΙ)
145 3396 218 3450 puer
231 3381 316 3447 malm
331 3397 361 3505 g.
371 3395 456 3452 puers
468 3380 584 3444 malam
602 3379 644 3445 u,
659 3394 692 3433 ao
704 3379 783 3446 mab,
801 3392 854 3431 om.
864 3377 916 3445 p).
935 3379 1043 3446 nrum
1066 3399 1069 3408 ·

80 3451 340 3663 {2222}er
356 3449 769 3589 stultum
786 3446 1043 3586 tltuff't't
