2522 3960
262 266 328 330 208
547 266 585 320 Μ.
605 263 727 319 TULLII
745 263 935 320 CICERONIS

263 413 471 478 conservatae
508 409 668 492 civitates,
708 409 869 474 cumulate
910 410 1090 493 publicanis
1127 411 1214 475 satis·

262 499 399 582 factrm3
421 497 563 564 offensus
586 497 782 563 contumelia
803 519 908 580 nemo,
930 498 1057 564 decreto
1078 500 1165 564 iusto
1187 503 1215 562 ct

264 608 374 653 severo
405 587 572 672 perpauci,
607 607 668 651 nec
697 590 808 651 tamen
844 587 1027 671 quisquam,
1062 590 1102 651 ut
1132 587 1213 671 queri

264 676 394 759 audeat3
423 697 475 740 res
502 678 613 760 gestae
640 674 759 760 dignae
784 673 963 759 triumpho,
996 675 1035 740 de
1063 697 1128 760 quo
1150 676 1212 759 ipsc

263 764 347 829 nihil
369 764 483 849 cupide
506 785 650 848 agemus,
672 763 742 828 sinc
763 766 821 828 tuo
836 763 964 847 quidem
978 764 1114 830 consilio
1138 768 1213 828 certe

264 853 359 918 nihil:
396 853 541 918 clausula
567 855 617 916 est
644 851 783 916 difficilis
810 852 846 915 in
868 851 1025 917 badenda
1046 853 1214 937 provincia,

237 941 508 1008 «athenaeus
531 941 647 1024 aliquis
670 940 872 1026 gubernabit
907 940 957 1006 De
971 941 1105 1006 urbanis
1127 941 1213 1006 rebus

265 1029 388 1096 scilicet
417 1031 512 1114 plura
542 1033 579 1094 tn
611 1029 686 1093 scis:
722 1030 850 1113 saepius
888 1032 923 1092 et
952 1030 1090 1094 certiora
1123 1029 1213 1094 audis.

265 1118 425 1204 Equidem
447 1118 541 1183 doleo
563 1131 633 1183 non
654 1139 705 1181 me
727 1118 792 1182 tuis
815 1118 931 1182 litteris
949 1118 1119 1185 certiorem
1140 1117 1214 1198 fieri3

264 1208 329 1273 hnc
352 1207 439 1270 enim
461 1207 574 1271 odiosa
586 1206 803 1270 afferebantur
823 1206 862 1270 de
876 1204 1024 1291 Curione,
1047 1207 1085 1271 de
1100 1206 1213 1287 Paullo,

265 1316 334 1361 non
356 1315 420 1378 quo
447 1295 549 1358 ullum
575 1295 752 1378 periculum
779 1295 905 1359 videam
932 1299 1038 1361 stante
1066 1294 1212 1379 Pompeio

266 1385 318 1447 vel
349 1383 447 1446 ctiam
486 1382 630 1466 sedante,
665 1383 772 1447 valeat
804 1383 915 1468 modo,
950 1384 1006 1448 sed
1042 1383 1213 1449 mehercule

267 1469 416 1537 Curionis
431 1473 465 1536 et
476 1469 591 1554 Paulli,
605 1493 752 1536 meorum
765 1472 982 1555 familiarium,
1005 1472 1107 1538 vicem
1121 1472 1211 1537 doleo.

265 1557 419 1624 Formam
440 1560 542 1644 igitur
563 1559 644 1623 mihi
665 1561 767 1624 totius
789 1561 835 1624 rei
857 1560 1017 1644 publicae,
1050 1562 1078 1626 si
1100 1562 1165 1626 iam
1185 1581 1212 1622 es

266 1648 389 1712 Romae
412 1651 469 1711 aut
482 1669 581 1732 quum
604 1649 675 1732 eris,
697 1649 794 1713 velim
816 1649 937 1733 mittas,
959 1671 1041 1734 quae
1064 1650 1144 1714 mihi
1166 1647 1211 1712 ob·

266 1736 353 1800 viam
384 1737 507 1820 veniat,
537 1758 576 1800 er
603 1758 667 1821 qua
693 1759 745 1800 me
771 1738 893 1823 fingere
919 1738 1042 1822 possim
1069 1743 1102 1802 et
1132 1757 1210 1822 prae·

267 1823 428 1908 meditari,
455 1846 520 1908 quo
543 1825 651 1891 animo
676 1826 825 1890 accedam
847 1826 888 1890 ad
910 1826 1035 1910 urbcm;
1064 1829 1115 1892 est
1137 1825 1211 1890 enim

267 1912 420 1995 quiddam
451 1912 677 1978 advenientem
702 1935 771 1978 non
798 1936 867 1979 esse
893 1915 1100 2000 peregrinum
1127 1919 1210 1998 atque

240 2001 436 2086 thospitem.
463 1999 517 2083 m,
539 2002 626 2085 quod
639 2023 742 2086 paene
764 2003 922 2087 praeterii,
944 2001 1039 2068 Bruti
1054 2004 1104 2068 tui
1118 2022 1210 2081 causa,

267 2093 305 2154 ut
327 2111 422 2175 saepe
445 2089 486 2154 ad
508 2093 541 2154 tc
564 2091 686 2175 scripsi,
707 2090 769 2154 ieci
793 2092 909 2156 omnia.
943 2089 1054 2176 Cyprii
1076 2111 1209 2157 numera·

267 2178 363 2262 bant3
386 2178 442 2244 sed
464 2175 613 2262 Scaptius
636 2179 818 2244 centesimis
840 2183 995 2245 renovato
1017 2180 1053 2244 in
1077 2180 1209 2266 singulos

267 2287 371 2332 annos
393 2268 506 2332 fenore
520 2271 691 2332 contentus
707 2289 776 2333 non
798 2268 869 2333 fuit
895 2268 1132 2334 Ariobarzanes
1154 2287 1210 2333 non

267 2356 302 2418 iu
320 2355 509 2439 Pompeium
531 2356 686 2439 prolixior
706 2378 765 2441 per
785 2357 892 2440 ipsum
916 2379 1012 2441 quam
1034 2379 1094 2442 per
1116 2379 1163 2424 me
1183 2357 1209 2418 iu

267 2441 419 2525 Brutum,
450 2463 545 2526 quem
571 2446 682 2508 tamen
705 2464 765 2529 ego
792 2449 956 2528 praestare
977 2467 1046 2509 non
1069 2451 1210 2530 poteram,

243 2597 250 2614 ,
268 2530 438 2594 eratenim
454 2551 511 2595 rer
532 2550 712 2616 perpauper
730 2533 922 2618 aberamque
936 2533 977 2598 ab
991 2555 1029 2598 eo
1048 2534 1096 2599 ita
1117 2536 1210 2618 longe,

268 2622 305 2681 ut
327 2616 409 2681 nihil
435 2639 564 2702 possem
589 2619 653 2684 nisi
679 2621 808 2706 litteris,
840 2621 956 2706 quibus
982 2645 1128 2709 pugnare
1153 2641 1209 2686 nou

268 2705 386 2770 destiti.
432 2703 563 2771 Summa
598 2707 679 2772 haec
714 2713 776 2772 est:
812 2732 870 2795 pro
907 2711 1032 2777 ratione
1068 2711 1209 2796 pecuniae

267 2793 432 2858 liberalius
467 2798 517 2858 est
552 2793 673 2862 Brutus
709 2801 866 2863 tractatus
902 2821 999 2884 quam
1034 2799 1208 2885 Pompeius:

267 2881 371 2947 Bruto
394 2885 505 2946 curata
526 2882 590 2947 hoc
612 2905 698 2951 anno
721 2887 845 2951 talenta
868 2887 992 2953 circiter
1009 2905 1047 2972 c,
1069 2887 1208 2972 Pompeio

267 2972 303 3035 in
326 2970 558 3036 sermensibus
580 2973 738 3054 promissa
752 2991 802 3040 cc.
825 2973 904 3060 Iam,
926 2977 961 3040 in
975 2977 1074 3061 Appii
1091 2975 1208 3064 negotio

268 3063 425 3144 quantum
447 3059 615 3124 tribuerim
628 3058 740 3146 Bruto,
763 3063 827 3127 dici
848 3065 901 3128 vix
923 3067 1039 3148 potest.
1068 3065 1149 3142 Quid
1169 3065 1209 3127 est

266 3149 375 3233 igitur,
398 3149 484 3232 quod
513 3147 678 3215 laborem‘l
707 3151 826 3216 amicos
853 3153 952 3218 habet
979 3175 1083 3220 meras
1110 3172 1208 3239 nugas,

267 3235 453 3319 Matinium,
483 3234 661 3321 Scaptium,
694 3240 762 3323 qui,
793 3241 868 3324 quia
895 3264 962 3308 non
989 3241 1104 3307 habuit
1130 3259 1207 3306 ame

267 3327 391 3388 turmas
414 3326 570 3409 equitum,
603 3325 718 3409 quibus
741 3326 883 3412 Cyprum
910 3335 1052 3415 vexaret,
1084 3331 1207 3396 utente

267 3431 319 3476 me
340 3413 475 3497 fecerat,
502 3414 640 3478 fortasse
664 3421 841 3502 suscenset,
865 3422 921 3484 aut
943 3420 1019 3504 quia
1041 3419 1206 3504 praefectus

338 3599 390 3670 Ep.
409 3609 433 3669 3,
454 3608 477 3657 8.
497 3605 542 3659 scd
559 3605 608 3660 hoc
626 3606 691 3660 deus
709 3606 760 3677 (L).
787 3610 834 3664 sed
851 3612 916 3667 tuce
934 3612 960 3666 ct.
979 3611 1074 3683 vulgo.
1104 3684 1108 3696 Ι
