2582 3980
253 196 514 256 ammoniatam
529 199 580 254 no
598 197 765 254 sancum
782 198 843 255 xv.
859 163 975 254 v1s-ao.
1026 196 1092 262 567

133 346 288 411 nimirum
310 345 442 428 itavest3
465 344 521 409 sed
543 347 654 409 tamen
674 346 706 408 et
729 362 789 428 ego
811 364 924 409 vereor
946 346 979 408 at
1000 346 1093 428 pater

133 434 348 500 conturbatus
371 437 430 517 est,
453 433 514 498 scit
536 432 631 517 enim,
654 451 735 516 quae
757 432 812 496 ille
826 431 865 496 de
882 431 945 497 hoc
967 453 1092 497 mecum

133 522 264 608 quidem
286 516 398 606 ἄφατα
421 521 511 587 olim:
542 521 652 606 plane,
684 519 761 604 quid
783 520 872 604 velit,
903 521 1021 586 nescio.
1061 520 1093 584 A

132 611 305 677 Dolabella
326 610 481 676 mandata
506 609 647 694 habebo,
674 629 756 694 quae
783 607 863 674 mihi
890 608 1093 692 videbuntur,

132 700 167 764 id
191 698 354 764 estnihil.
399 698 460 764 Dic
482 697 575 762 mihi:
602 695 637 763 Ο.
660 695 824 762 Antonius
852 697 995 762 voluitne
1023 697 1094 762 fieri

132 787 331 875 septemvir?
366 787 429 852 fuit
456 789 540 852 certe
568 786 695 872 dignus.
739 785 789 852 De
816 784 1005 852 Menedemo
1035 791 1094 871 est,

132 879 172 942 ut
194 877 316 942 scribis.
361 874 473 941 Facies
497 875 607 940 omnia
627 873 708 940 mihi
730 877 817 940 note.

581 1101 654 1170 XX.

134 1225 194 1285 aar.
208 1227 239 1282 iu
253 1226 412 1285 Tusculano
430 1227 496 1296 post
512 1224 636 1282 medium
652 1241 777 1282 mensem
789 1225 900 1284 Iuniam
914 1242 939 1282 a.
954 1245 980 1282 u.
995 1243 1018 1280 o.
1034 1231 1093 1283 710.

409 1329 559 1388 01οΕΒο
576 1329 727 1387 ΑΤΤΙΟΟ
745 1330 829 1388 SAL.

201 1439 266 1526 Ilgi
298 1441 420 1527 gratias
451 1439 621 1525 Vettien03
656 1441 739 1506 nihil
775 1441 861 1506 enim
896 1441 1005 1525 potuit
1034 1440 1121 1506 hur

133 1530 271 1594 manius.
309 1529 497 1595 Dolabellae
520 1529 674 1594 mandata
697 1530 764 1594 sint
785 1529 959 1614 quaelibet,
981 1530 1095 1610 †mihi

134 1617 271 1702 aliquid,
298 1619 350 1683 vel
373 1617 459 1702 quod
481 1615 595 1683 Niciae
617 1618 780 1701 nuntiem3
804 1619 875 1702 quis
898 1619 984 1682 enim
1005 1619 1096 1703 haec,

134 1710 173 1771 ut
205 1706 331 1792 scribis,
361 1706 384 1786 †
412 1706 556 1772 anieno?
595 1705 691 1772 Nune
723 1705 870 1772 dubitare
902 1728 1096 1792 quemquam

132 1794 342 1880 prudentem,
373 1795 453 1879 quin
479 1816 570 1860 meus
598 1795 756 1861 discessus
783 1795 1017 1881 desperationis
1044 1796 1095 1879 sit,

133 1905 203 1948 non
234 1883 430 1969 legationis?
475 1883 568 1960 Quod
600 1885 648 1949 ais
676 1887 818 1948 extrema
845 1883 1003 1967 quaedam
1029 1885 1124 1948 iama

131 1971 284 2037 homines
311 1971 350 2036 de
378 1993 412 2036 re
440 1972 570 2057 publica
595 1972 685 2056 loqui
715 1974 749 2036 at
775 1992 830 2036 eos
858 1969 986 2054 quidem
1008 1971 1095 2038 viros

133 2059 249 2145 bonos,
271 2081 342 2146 ego,
365 2082 429 2144 quo
453 2059 504 2123 die
528 2060 635 2124 audivi
651 2061 743 2124 illum
764 2062 941 2143 tyrannum
962 2060 997 2123 in
1021 2080 1095 2125 con·

135 2149 228 2214 cione
259 2149 495 2234 „olanssimum
526 2146 653 2213 rirum“
685 2147 853 2232 appellari,
889 2147 1095 2214 subdiffidera

135 2238 242 2322 coepi3
265 2241 379 2323 postea
401 2258 477 2302 vero
501 2257 598 2320 quam
615 2240 722 2301 tecum
735 2234 873 2301 Lanuvii
886 2235 952 2300 vidi
965 2240 1095 2302 nostros

135 2329 264 2391 tantum
296 2326 366 2410 spei
391 2325 511 2390 habere
539 2323 580 2390 ad
609 2324 795 2408 vivendum,
827 2328 984 2408 quantum
1008 2347 1095 2390 aoce-

135 2415 262 2500 pissent
275 2413 317 2478 ab
332 2413 487 2498 Antonio,
510 2413 686 2498 desperavi.
711 2411 836 2497 Itaque,
862 2413 907 2478 mi
921 2412 1039 2498 Attice,
1055 2449 1092 2458 -

135 2501 264 2568 fortiter
285 2502 348 2568 hoc
370 2502 466 2567 velim
490 2501 636 2588 accipias,
658 2504 696 2566 ut
718 2521 778 2586 ego
800 2501 969 2566 scribo-
993 2524 1095 2588 genus

134 2589 215 2656 illud
251 2591 417 2676 interitus,
458 2612 521 2675 quo
563 2611 678 2656 causae
715 2591 826 2656 cursus
863 2593 925 2674 est,
964 2591 1096 2656 foedum

134 2679 276 2759 †duces
309 2682 342 2743 et
368 2679 461 2764 quasi
488 2679 713 2744 denuntiatum
740 2679 835 2744 nobis
867 2679 908 2743 ab
935 2677 1095 2761 Antoni03

135 2788 176 2832 ex
197 2767 259 2832 hac
282 2789 379 2832 nassa
402 2768 486 2832 exire
519 2768 686 2852 constitui,
717 2788 785 2832 non
813 2767 854 2832 ad
881 2767 1008 2852 fugam,
1039 2767 1095 2832 sed

136 2853 177 2920 ad
201 2877 291 2940 spem
314 2857 427 2922 mortis
454 2855 608 2920 melioris:
643 2855 724 2920 haec
747 2856 852 2922 omnis
876 2855 970 2939 culpa
992 2853 1095 2920 Bruti.
1159 2917 1161 2922 ,

207 3047 258 3118 Ep.
279 3053 321 3117 19,
342 3055 366 3103 2.
397 3049 428 3114 f,
451 3049 803 3110 cruciamentum
828 3047 886 3116 (l)?
935 3046 1050 3119 Ep20,
1071 3053 1094 3102 1.

134 3119 241 3186 †mihi
258 3119 367 3190 eliquat
384 3119 459 3189 (W.).
485 3120 564 3176 audo
581 3136 616 3174 m.
636 3137 661 3174 a.
681 3119 747 3188 (W.)
766 3120 816 3173 aut
833 3118 912 3174 morlo
930 3134 955 3173 a.
975 3119 1040 3189 (m).
1059 3135 1093 3174 aa.

134 3207 161 3245 o.
180 3189 276 3260 vulgo.
295 3217 329 3230 -·
348 3193 367 3256 †
384 3188 504 3245 cateno?
531 3189 568 3245 N.
589 3188 666 3260 (Or).
698 3188 781 3244 uate?
808 3187 846 3244 N.
871 3188 900 3256 (l.
919 3203 976 3262 mg.
997 3191 1095 3258 1584)?

135 3265 200 3315 aaa
216 3258 287 3315 aas?
305 3257 343 3313 N.
363 3257 458 3330 (Oorr,
477 3259 540 3331 B.)?
575 3261 620 3314 An
638 3264 702 3315 crate
718 3275 755 3314 ao
768 3260 784 3294 *
797 3263 814 3298 *
827 3259 844 3294 *
860 3275 943 3326 auae,
962 3261 995 3313 ut
1011 3259 1096 3328 plura

134 3330 300 3399 exciderint,
319 3330 404 3385 etiam
422 3329 590 3386 undecune
611 3372 617 3384 .
638 3372 644 3384 .
665 3374 670 3386 .
690 3331 834 3401 lepatioarsss
856 3330 992 3400 penderat
1009 3329 1095 3399 (Μ

134 3407 160 3456 2.
193 3417 246 3472 quo
264 3416 364 3456 causus
382 3416 478 3456 careas
495 3401 613 3471 (Popma
631 3401 711 3469 conl,
735 3402 774 3470 Z,
796 3399 888 3456 sedis
907 3401 1009 3468 causa).
1041 3415 1096 3470 qao

133 3476 308 3537 †eaasaras
326 3470 385 3540 Ml,
404 3469 435 3526 B.
463 3487 516 3542 qao
533 3487 649 3526 casuras
701 3477 726 3540 2,
745 3471 795 3525 ΕΙ.
823 3502 856 3512 -
884 3472 1001 3540 †duees
1019 3470 1095 3540 (W.).

134 3547 174 3597 est
192 3542 260 3612 (Or.)
279 3545 329 3597 aut
345 3543 447 3598 dacem
464 3585 469 3598 .
485 3585 491 3598 .
507 3584 513 3597 .
528 3543 651 3598 Antonio
670 3559 703 3598 ec
722 3543 822 3613 (Boot,
840 3542 891 3612 Β.).
