<?xml version="1.0" encoding="UTF-8"?>
<!DOCTYPE html PUBLIC "-//W3C//DTD XHTML 1.0 Transitional//EN"
    "http://www.w3.org/TR/xhtml1/DTD/xhtml1-transitional.dtd">
<html xmlns="http://www.w3.org/1999/xhtml" xml:lang="en" lang="en">
 <head>
  <title>
</title>
<meta http-equiv="Content-Type" content="text/html;charset=utf-8" />
  <meta name='ocr-system' content='tesseract 3.04.00' />
  <meta name='ocr-capabilities' content='ocr_page ocr_carea ocr_par ocr_line ocrx_word'/>
</head>
<body>
  <div class='ocr_page' id='page_1' title='image "./epistolae01wesegoog_0401.png"; bbox 0 0 2484 3974; ppageno 0'>
   <div class='ocr_carea' id='block_1_1' title="bbox 230 210 1039 276">
    <p class='ocr_par' dir='ltr' id='par_1_1' title="bbox 230 210 1039 276">
     <span class='ocr_line' id='line_1_1' title="bbox 230 210 1039 276; baseline 0.015 -11"><span class='ocrx_word' id='word_1_1' title='bbox 230 210 489 270; x_wconf 75' lang='lat' dir='ltr'><strong>EPISTOLARUH</strong></span> <span class='ocrx_word' id='word_1_2' title='bbox 505 213 556 268; x_wconf 81' lang='lat' dir='ltr'>AD</span> <span class='ocrx_word' id='word_1_3' title='bbox 575 211 741 270; x_wconf 70' lang='lat' dir='ltr'>auulsum</span> <span class='ocrx_word' id='word_1_4' title='bbox 758 212 807 267; x_wconf 85' lang='lat' dir='ltr'>XI.</span> <span class='ocrx_word' id='word_1_5' title='bbox 826 219 850 267; x_wconf 80' lang='grc'>7.</span> <span class='ocrx_word' id='word_1_6' title='bbox 869 217 894 268; x_wconf 84' lang='lat'>8.</span> <span class='ocrx_word' id='word_1_7' title='bbox 973 211 1039 276; x_wconf 83' lang='lat'>391</span> 
     </span>
    </p>
   </div>
   <div class='ocr_carea' id='block_1_2' title="bbox 71 353 1070 1058">
    <p class='ocr_par' dir='ltr' id='par_1_2' title="bbox 71 353 1070 1058">
     <span class='ocr_line' id='line_1_2' title="bbox 71 353 1041 441; baseline 0.002 -21"><span class='ocrx_word' id='word_1_8' title='bbox 71 353 171 420; x_wconf 77' lang='lat' dir='ltr'>Sami</span> <span class='ocrx_word' id='word_1_9' title='bbox 192 354 338 438; x_wconf 76' lang='lat' dir='ltr'>vidisset,</span> <span class='ocrx_word' id='word_1_10' title='bbox 367 358 492 440; x_wconf 86' lang='lat' dir='ltr'>patrem</span> <span class='ocrx_word' id='word_1_11' title='bbox 515 355 665 440; x_wconf 80' lang='lat' dir='ltr'>Sicyone:</span> <span class='ocrx_word' id='word_1_12' title='bbox 698 377 836 440; x_wconf 85' lang='lat' dir='ltr'>quorum</span> <span class='ocrx_word' id='word_1_13' title='bbox 858 354 1041 441; x_wconf 86' lang='lat' dir='ltr'>deprecatio</span> 
     </span>
     <span class='ocr_line' id='line_1_3' title="bbox 71 443 1041 530; baseline 0.002 -23"><span class='ocrx_word' id='word_1_14' title='bbox 71 446 133 511; x_wconf 85' lang='lat' dir='ltr'>ast</span> <span class='ocrx_word' id='word_1_15' title='bbox 155 443 273 527; x_wconf 80' lang='lat' dir='ltr'>facilis3</span> <span class='ocrx_word' id='word_1_16' title='bbox 295 443 422 511; x_wconf 88' lang='lat' dir='ltr'>utinam</span> <span class='ocrx_word' id='word_1_17' title='bbox 435 443 495 530; x_wconf 60' lang='lat' dir='ltr'>illu</span> <span class='ocrx_word' id='word_1_18' title='bbox 514 445 570 528; x_wconf 89' lang='lat' dir='ltr'>qui</span> <span class='ocrx_word' id='word_1_19' title='bbox 592 445 681 528; x_wconf 83' lang='lat' dir='ltr'>prius</span> <span class='ocrx_word' id='word_1_20' title='bbox 698 444 789 510; x_wconf 89' lang='lat' dir='ltr'>illum</span> <span class='ocrx_word' id='word_1_21' title='bbox 802 445 966 529; x_wconf 85' lang='lat' dir='ltr'>videbunt,</span> <span class='ocrx_word' id='word_1_22' title='bbox 989 467 1041 510; x_wconf 88' lang='lat' dir='ltr'>me</span> 
     </span>
     <span class='ocr_line' id='line_1_4' title="bbox 71 532 1041 619; baseline 0.002 -23"><span class='ocrx_word' id='word_1_23' title='bbox 71 532 168 615; x_wconf 87' lang='lat' dir='ltr'>apud</span> <span class='ocrx_word' id='word_1_24' title='bbox 190 553 264 604; x_wconf 74' lang='lat' dir='ltr'>eum</span> <span class='ocrx_word' id='word_1_25' title='bbox 277 532 380 600; x_wconf 82' lang='lat' dir='ltr'>velint</span> <span class='ocrx_word' id='word_1_26' title='bbox 393 532 538 601; x_wconf 84' lang='lat' dir='ltr'>adiutum</span> <span class='ocrx_word' id='word_1_27' title='bbox 551 536 689 617; x_wconf 86' lang='lat' dir='ltr'>tautum,</span> <span class='ocrx_word' id='word_1_28' title='bbox 706 536 870 617; x_wconf 79' lang='lat' dir='ltr'>quantum</span> <span class='ocrx_word' id='word_1_29' title='bbox 883 555 944 619; x_wconf 82' lang='lat' dir='ltr'>ego</span> <span class='ocrx_word' id='word_1_30' title='bbox 967 533 1041 598; x_wconf 84' lang='lat' dir='ltr'>illos</span> 
     </span>
     <span class='ocr_line' id='line_1_5' title="bbox 72 619 1070 708; baseline 0.007 -25"><span class='ocrx_word' id='word_1_31' title='bbox 72 621 206 704; x_wconf 79' lang='lat' dir='ltr'>vellem,</span> <span class='ocrx_word' id='word_1_32' title='bbox 228 620 257 708; x_wconf 81' lang='lat' dir='ltr'>si</span> <span class='ocrx_word' id='word_1_33' title='bbox 280 620 357 705; x_wconf 89' lang='lat' dir='ltr'>quid</span> <span class='ocrx_word' id='word_1_34' title='bbox 378 622 519 704; x_wconf 73' lang='lat' dir='ltr'>possem!</span> <span class='ocrx_word' id='word_1_35' title='bbox 555 619 649 696; x_wconf 78' lang='lat' dir='ltr'>Quod</span> <span class='ocrx_word' id='word_1_36' title='bbox 672 641 782 706; x_wconf 77' lang='lat' dir='ltr'>rogas,</span> <span class='ocrx_word' id='word_1_37' title='bbox 804 624 842 686; x_wconf 91' lang='lat' dir='ltr'>ut</span> <span class='ocrx_word' id='word_1_38' title='bbox 863 621 899 688; x_wconf 90' lang='lat' dir='ltr'>in</span> <span class='ocrx_word' id='word_1_39' title='bbox 921 622 1070 689; x_wconf 77' lang='lat' dir='ltr'>bonams</span> 
     </span>
     <span class='ocr_line' id='line_1_6' title="bbox 71 709 1041 795; baseline 0.001 -20"><span class='ocrx_word' id='word_1_40' title='bbox 71 711 206 791; x_wconf 78' lang='lat' dir='ltr'>partem</span> <span class='ocrx_word' id='word_1_41' title='bbox 229 709 398 793; x_wconf 80' lang='lat' dir='ltr'>accipiam,</span> <span class='ocrx_word' id='word_1_42' title='bbox 427 709 542 793; x_wconf 80' lang='lat' dir='ltr'>siqua</span> <span class='ocrx_word' id='word_1_43' title='bbox 565 711 631 774; x_wconf 84' lang='lat' dir='ltr'>sint</span> <span class='ocrx_word' id='word_1_44' title='bbox 652 709 688 774; x_wconf 90' lang='lat' dir='ltr'>in</span> <span class='ocrx_word' id='word_1_45' title='bbox 710 710 776 778; x_wconf 88' lang='lat' dir='ltr'>tuis</span> <span class='ocrx_word' id='word_1_46' title='bbox 797 709 927 794; x_wconf 70' lang='lat' dir='ltr'>fitteris,</span> <span class='ocrx_word' id='word_1_47' title='bbox 960 731 1041 795; x_wconf 87' lang='lat' dir='ltr'>quae</span> 
     </span>
     <span class='ocr_line' id='line_1_7' title="bbox 73 797 1043 884; baseline 0.004 -24"><span class='ocrx_word' id='word_1_48' title='bbox 73 817 134 860; x_wconf 88' lang='lat' dir='ltr'>me</span> <span class='ocrx_word' id='word_1_49' title='bbox 156 797 338 880; x_wconf 75' lang='lat' dir='ltr'>mordeant,</span> <span class='ocrx_word' id='word_1_50' title='bbox 361 817 422 881; x_wconf 85' lang='lat' dir='ltr'>ago</span> <span class='ocrx_word' id='word_1_51' title='bbox 445 818 520 863; x_wconf 83' lang='lat' dir='ltr'>vero</span> <span class='ocrx_word' id='word_1_52' title='bbox 543 798 579 862; x_wconf 93' lang='lat' dir='ltr'>in</span> <span class='ocrx_word' id='word_1_53' title='bbox 592 799 748 882; x_wconf 75' lang='lat' dir='ltr'><strong>optimam</strong></span> <span class='ocrx_word' id='word_1_54' title='bbox 770 802 866 882; x_wconf 85' lang='lat' dir='ltr'>teque</span> <span class='ocrx_word' id='word_1_55' title='bbox 888 812 983 884; x_wconf 81' lang='lat' dir='ltr'>rogo,</span> <span class='ocrx_word' id='word_1_56' title='bbox 1001 803 1043 864; x_wconf 86' lang='lat' dir='ltr'>ut</span> 
     </span>
     <span class='ocr_line' id='line_1_8' title="bbox 74 884 1042 971; baseline 0.003 -23"><span class='ocrx_word' id='word_1_57' title='bbox 74 887 205 968; x_wconf 85' lang='lat' dir='ltr'>aperte,</span> <span class='ocrx_word' id='word_1_58' title='bbox 233 884 501 969; x_wconf 89' lang='lat' dir='ltr'>quemadmodum</span> <span class='ocrx_word' id='word_1_59' title='bbox 523 886 619 971; x_wconf 82' lang='lat' dir='ltr'>facis,</span> <span class='ocrx_word' id='word_1_60' title='bbox 651 887 772 951; x_wconf 84' lang='lat' dir='ltr'><strong>scribas</strong></span> <span class='ocrx_word' id='word_1_61' title='bbox 795 886 836 951; x_wconf 91' lang='lat' dir='ltr'>ad</span> <span class='ocrx_word' id='word_1_62' title='bbox 859 907 909 950; x_wconf 88' lang='lat' dir='ltr'>me</span> <span class='ocrx_word' id='word_1_63' title='bbox 933 887 1042 951; x_wconf 90' lang='lat' dir='ltr'>omnia</span> 
     </span>
     <span class='ocr_line' id='line_1_9' title="bbox 74 972 1020 1058; baseline 0.002 -22"><span class='ocrx_word' id='word_1_64' title='bbox 74 972 177 1056; x_wconf 89' lang='lat' dir='ltr'>idque</span> <span class='ocrx_word' id='word_1_65' title='bbox 199 972 300 1038; x_wconf 86' lang='lat' dir='ltr'>facias</span> <span class='ocrx_word' id='word_1_66' title='bbox 324 995 421 1058; x_wconf 90' lang='lat' dir='ltr'>quam</span> <span class='ocrx_word' id='word_1_67' title='bbox 444 973 638 1058; x_wconf 75' lang='lat' dir='ltr'>saepissime.</span> <span class='ocrx_word' id='word_1_68' title='bbox 670 974 761 1040; x_wconf 89' lang='lat' dir='ltr'>Valc.</span> <span class='ocrx_word' id='word_1_69' title='bbox 783 991 867 1040; x_wconf 83' lang='lat' dir='ltr'>xnn.</span> <span class='ocrx_word' id='word_1_70' title='bbox 888 973 929 1040; x_wconf 89' lang='lat' dir='ltr'>K.</span> <span class='ocrx_word' id='word_1_71' title='bbox 950 973 1020 1038; x_wconf 87' lang='lat' dir='ltr'>Ian.</span> 
     </span>
    </p>
   </div>
   <div class='ocr_carea' id='block_1_3' title="bbox 519 1167 611 1236">
    <p class='ocr_par' dir='ltr' id='par_1_3' title="bbox 519 1167 611 1236">
     <span class='ocr_line' id='line_1_10' title="bbox 519 1167 611 1236; baseline -0.022 0"><span class='ocrx_word' id='word_1_72' title='bbox 519 1167 611 1236; x_wconf 89' lang='lat' dir='ltr'><strong>VIII.</strong></span> 
     </span>
    </p>
   </div>
   <div class='ocr_carea' id='block_1_4' title="bbox 109 1285 1015 1453">
    <p class='ocr_par' dir='ltr' id='par_1_4' title="bbox 109 1285 1015 1453">
     <span class='ocr_line' id='line_1_11' title="bbox 109 1285 1015 1348; baseline 0.006 -7"><span class='ocrx_word' id='word_1_73' title='bbox 109 1285 166 1342; x_wconf 82' lang='lat' dir='ltr'>Scr.</span> <span class='ocrx_word' id='word_1_74' title='bbox 185 1285 329 1343; x_wconf 81' lang='lat' dir='ltr'>BrundIsii</span> <span class='ocrx_word' id='word_1_75' title='bbox 347 1304 371 1342; x_wconf 88' lang='lat' dir='ltr'>a.</span> <span class='ocrx_word' id='word_1_76' title='bbox 386 1288 413 1342; x_wconf 90' lang='lat' dir='ltr'>d.</span> <span class='ocrx_word' id='word_1_77' title='bbox 432 1287 480 1344; x_wconf 79' lang='lat' dir='ltr'>vl.</span> <span class='ocrx_word' id='word_1_78' title='bbox 498 1287 640 1346; x_wconf 73' lang='lat' dir='ltr'><strong>Kalendas</strong></span> <span class='ocrx_word' id='word_1_79' title='bbox 658 1289 802 1348; x_wconf 74' lang='lat' dir='ltr'>Ianuarius</span> <span class='ocrx_word' id='word_1_80' title='bbox 821 1305 846 1348; x_wconf 74' lang='lat' dir='ltr'>u.</span> <span class='ocrx_word' id='word_1_81' title='bbox 865 1307 892 1348; x_wconf 81' lang='lat' dir='ltr'>u-</span> <span class='ocrx_word' id='word_1_82' title='bbox 911 1306 935 1348; x_wconf 80' lang='grc' dir='ltr'>ο.</span> <span class='ocrx_word' id='word_1_83' title='bbox 955 1294 1015 1346; x_wconf 70' lang='grc' dir='ltr'>ἵθθ.</span> 
     </span>
     <span class='ocr_line' id='line_1_12' title="bbox 373 1393 751 1453; baseline 0.008 -4"><span class='ocrx_word' id='word_1_84' title='bbox 373 1393 503 1450; x_wconf 80' lang='lat' dir='ltr'><strong>CICERO</strong></span> <span class='ocrx_word' id='word_1_85' title='bbox 521 1393 656 1453; x_wconf 76' lang='lat' dir='ltr'><strong>ATTICO</strong></span> <span class='ocrx_word' id='word_1_86' title='bbox 675 1395 751 1452; x_wconf 74' lang='lat' dir='ltr'>sla.</span> 
     </span>
    </p>
   </div>
   <div class='ocr_carea' id='block_1_5' title="bbox 79 1499 1074 3354">
    <p class='ocr_par' dir='ltr' id='par_1_5' title="bbox 79 1499 1074 3354">
     <span class='ocr_line' id='line_1_13' title="bbox 149 1499 1074 1588; baseline 0.003 -21"><span class='ocrx_word' id='word_1_87' title='bbox 149 1499 288 1576; x_wconf 75' lang='lat' dir='ltr'><strong>Quantis</strong></span> <span class='ocrx_word' id='word_1_88' title='bbox 302 1503 386 1568; x_wconf 86' lang='lat' dir='ltr'>curis</span> <span class='ocrx_word' id='word_1_89' title='bbox 400 1503 562 1586; x_wconf 86' lang='lat' dir='ltr'>conficiar,</span> <span class='ocrx_word' id='word_1_90' title='bbox 584 1504 644 1568; x_wconf 88' lang='lat' dir='ltr'>etsi</span> <span class='ocrx_word' id='word_1_91' title='bbox 658 1502 805 1588; x_wconf 84' lang='lat' dir='ltr'>prolecto</span> <span class='ocrx_word' id='word_1_92' title='bbox 817 1503 915 1587; x_wconf 85' lang='lat' dir='ltr'>vides,</span> <span class='ocrx_word' id='word_1_93' title='bbox 932 1506 1043 1568; x_wconf 84' lang='lat' dir='ltr'>tamen</span> <span class='ocrx_word' id='word_1_94' title='bbox 1057 1527 1074 1570; x_wconf 79' lang='grc' dir='ltr'>ι·</span> 
     </span>
     <span class='ocr_line' id='line_1_14' title="bbox 82 1591 1043 1676; baseline 0.002 -22"><span class='ocrx_word' id='word_1_95' title='bbox 82 1609 260 1674; x_wconf 78' lang='lat' dir='ltr'>cognosces</span> <span class='ocrx_word' id='word_1_96' title='bbox 284 1612 323 1655; x_wconf 86' lang='lat' dir='ltr'>ex</span> <span class='ocrx_word' id='word_1_97' title='bbox 345 1591 449 1676; x_wconf 86' lang='lat' dir='ltr'>Lepta</span> <span class='ocrx_word' id='word_1_98' title='bbox 476 1595 508 1656; x_wconf 90' lang='lat' dir='ltr'>ct</span> <span class='ocrx_word' id='word_1_99' title='bbox 531 1591 692 1657; x_wconf 79' lang='lat' dir='ltr'>Trebatio.</span> <span class='ocrx_word' id='word_1_100' title='bbox 736 1591 895 1657; x_wconf 77' lang='lat' dir='ltr'>Maximae</span> <span class='ocrx_word' id='word_1_101' title='bbox 920 1613 1043 1676; x_wconf 87' lang='lat' dir='ltr'>poenas</span> 
     </span>
     <span class='ocr_line' id='line_1_15' title="bbox 80 1677 1044 1765; baseline 0.003 -24"><span class='ocrx_word' id='word_1_102' title='bbox 80 1677 190 1761; x_wconf 84' lang='lat' dir='ltr'>pendo</span> <span class='ocrx_word' id='word_1_103' title='bbox 211 1680 404 1744; x_wconf 82' lang='lat' dir='ltr'>temeritatis</span> <span class='ocrx_word' id='word_1_104' title='bbox 425 1700 528 1765; x_wconf 85' lang='lat' dir='ltr'>meae,</span> <span class='ocrx_word' id='word_1_105' title='bbox 554 1701 652 1764; x_wconf 86' lang='lat' dir='ltr'>quarn</span> <span class='ocrx_word' id='word_1_106' title='bbox 677 1685 714 1745; x_wconf 86' lang='lat' dir='ltr'>tu</span> <span class='ocrx_word' id='word_1_107' title='bbox 736 1681 941 1765; x_wconf 78' lang='lat' dir='ltr'>prudentiam</span> <span class='ocrx_word' id='word_1_108' title='bbox 964 1679 1044 1744; x_wconf 85' lang='lat' dir='ltr'>mihi</span> 
     </span>
     <span class='ocr_line' id='line_1_16' title="bbox 81 1765 1044 1853; baseline 0.003 -23"><span class='ocrx_word' id='word_1_109' title='bbox 81 1765 187 1830; x_wconf 67' lang='lat' dir='ltr'>udoni</span> <span class='ocrx_word' id='word_1_110' title='bbox 208 1766 266 1851; x_wconf 85' lang='lat' dir='ltr'>ris,</span> <span class='ocrx_word' id='word_1_111' title='bbox 287 1788 393 1852; x_wconf 86' lang='lat' dir='ltr'>neque</span> <span class='ocrx_word' id='word_1_112' title='bbox 414 1771 447 1834; x_wconf 90' lang='lat' dir='ltr'>te</span> <span class='ocrx_word' id='word_1_113' title='bbox 471 1769 625 1852; x_wconf 77' lang='lat' dir='ltr'>deterreo,</span> <span class='ocrx_word' id='word_1_114' title='bbox 647 1789 711 1853; x_wconf 90' lang='lat' dir='ltr'>quo</span> <span class='ocrx_word' id='word_1_115' title='bbox 724 1770 833 1835; x_wconf 87' lang='lat' dir='ltr'>minus</span> <span class='ocrx_word' id='word_1_116' title='bbox 845 1770 879 1833; x_wconf 89' lang='lat' dir='ltr'>id</span> <span class='ocrx_word' id='word_1_117' title='bbox 899 1769 1044 1853; x_wconf 82' lang='lat' dir='ltr'>disputas</span> 
     </span>
     <span class='ocr_line' id='line_1_17' title="bbox 82 1854 1044 1941; baseline 0.002 -23"><span class='ocrx_word' id='word_1_118' title='bbox 82 1854 269 1939; x_wconf 74' lang='lat' dir='ltr'>scribasque</span> <span class='ocrx_word' id='word_1_119' title='bbox 292 1856 334 1922; x_wconf 91' lang='lat' dir='ltr'>ad</span> <span class='ocrx_word' id='word_1_120' title='bbox 356 1877 408 1922; x_wconf 90' lang='lat' dir='ltr'>me</span> <span class='ocrx_word' id='word_1_121' title='bbox 431 1877 528 1940; x_wconf 88' lang='lat' dir='ltr'>quam</span> <span class='ocrx_word' id='word_1_122' title='bbox 548 1857 751 1941; x_wconf 86' lang='lat' dir='ltr'>saepissime3</span> <span class='ocrx_word' id='word_1_123' title='bbox 784 1858 935 1922; x_wconf 84' lang='lat' dir='ltr'>nonnihil</span> <span class='ocrx_word' id='word_1_124' title='bbox 957 1857 1044 1921; x_wconf 86' lang='lat' dir='ltr'>enim</span> 
     </span>
     <span class='ocr_line' id='line_1_18' title="bbox 81 1944 1045 2029; baseline 0.004 -23"><span class='ocrx_word' id='word_1_125' title='bbox 81 1964 135 2007; x_wconf 89' lang='lat' dir='ltr'>me</span> <span class='ocrx_word' id='word_1_126' title='bbox 156 1944 269 2009; x_wconf 79' lang='lat' dir='ltr'>levant</span> <span class='ocrx_word' id='word_1_127' title='bbox 290 1947 365 2010; x_wconf 81' lang='lat' dir='ltr'>tuae</span> <span class='ocrx_word' id='word_1_128' title='bbox 387 1945 513 2010; x_wconf 81' lang='lat' dir='ltr'>litterae</span> <span class='ocrx_word' id='word_1_129' title='bbox 536 1945 599 2010; x_wconf 90' lang='lat' dir='ltr'>hoc</span> <span class='ocrx_word' id='word_1_130' title='bbox 620 1949 774 2029; x_wconf 87' lang='lat' dir='ltr'>tempore.</span> <span class='ocrx_word' id='word_1_131' title='bbox 817 1945 879 2012; x_wconf 87' lang='lat' dir='ltr'>Per</span> <span class='ocrx_word' id='word_1_132' title='bbox 902 1965 966 2026; x_wconf 84' lang='lat' dir='ltr'>cos,</span> <span class='ocrx_word' id='word_1_133' title='bbox 988 1945 1045 2028; x_wconf 88' lang='lat' dir='ltr'>qui</span> 
     </span>
     <span class='ocr_line' id='line_1_19' title="bbox 81 2032 1045 2118; baseline 0.001 -23"><span class='ocrx_word' id='word_1_134' title='bbox 81 2035 199 2096; x_wconf 85' lang='lat' dir='ltr'>nostra</span> <span class='ocrx_word' id='word_1_135' title='bbox 221 2053 318 2098; x_wconf 87' lang='lat' dir='ltr'>causa</span> <span class='ocrx_word' id='word_1_136' title='bbox 340 2034 456 2098; x_wconf 78' lang='lat' dir='ltr'>volunt</span> <span class='ocrx_word' id='word_1_137' title='bbox 477 2032 757 2118; x_wconf 23' lang='lat' dir='ltr'>valantqucpapud</span> <span class='ocrx_word' id='word_1_138' title='bbox 778 2033 871 2098; x_wconf 90' lang='lat' dir='ltr'>illum</span> <span class='ocrx_word' id='word_1_139' title='bbox 877 2084 886 2116; x_wconf 88' lang='lat'>,</span> <span class='ocrx_word' id='word_1_140' title='bbox 909 2033 1045 2118; x_wconf 83' lang='lat' dir='ltr'>diligen·</span> 
     </span>
     <span class='ocr_line' id='line_1_20' title="bbox 80 2119 1045 2206; baseline 0.002 -22"><span class='ocrx_word' id='word_1_141' title='bbox 80 2119 209 2184; x_wconf 86' lang='lat' dir='ltr'>tissime</span> <span class='ocrx_word' id='word_1_142' title='bbox 231 2121 409 2186; x_wconf 74' lang='lat' dir='ltr'>contendas</span> <span class='ocrx_word' id='word_1_143' title='bbox 432 2143 513 2206; x_wconf 88' lang='lat' dir='ltr'>opus</span> <span class='ocrx_word' id='word_1_144' title='bbox 536 2125 594 2206; x_wconf 86' lang='lat' dir='ltr'>est,</span> <span class='ocrx_word' id='word_1_145' title='bbox 616 2141 675 2206; x_wconf 88' lang='lat' dir='ltr'>per</span> <span class='ocrx_word' id='word_1_146' title='bbox 696 2120 835 2185; x_wconf 82' lang='lat' dir='ltr'><strong>Balbum</strong></span> <span class='ocrx_word' id='word_1_147' title='bbox 858 2125 891 2186; x_wconf 88' lang='lat' dir='ltr'>et</span> <span class='ocrx_word' id='word_1_148' title='bbox 904 2119 1045 2204; x_wconf 89' lang='lat' dir='ltr'>Oppium</span> 
     </span>
     <span class='ocr_line' id='line_1_21' title="bbox 79 2209 1044 2294; baseline 0.004 -22"><span class='ocrx_word' id='word_1_149' title='bbox 79 2209 236 2292; x_wconf 84' lang='lat' dir='ltr'>maxima,</span> <span class='ocrx_word' id='word_1_150' title='bbox 267 2213 305 2274; x_wconf 91' lang='lat' dir='ltr'>ut</span> <span class='ocrx_word' id='word_1_151' title='bbox 335 2209 375 2274; x_wconf 88' lang='lat' dir='ltr'>de</span> <span class='ocrx_word' id='word_1_152' title='bbox 406 2231 458 2274; x_wconf 91' lang='lat' dir='ltr'>me</span> <span class='ocrx_word' id='word_1_153' title='bbox 490 2209 633 2274; x_wconf 80' lang='lat' dir='ltr'>scribant</span> <span class='ocrx_word' id='word_1_154' title='bbox 661 2231 759 2294; x_wconf 87' lang='lat' dir='ltr'>quam</span> <span class='ocrx_word' id='word_1_155' title='bbox 786 2209 1044 2294; x_wconf 59' lang='lat' dir='ltr'>diligentissima</span> 
     </span>
     <span class='ocr_line' id='line_1_22' title="bbox 80 2296 1044 2382; baseline -0.001 -20"><span class='ocrx_word' id='word_1_156' title='bbox 80 2317 313 2382; x_wconf 77' lang='lat' dir='ltr'>oppugnamur</span> <span class='ocrx_word' id='word_1_157' title='bbox 322 2299 418 2381; x_wconf 89' lang='lat' dir='ltr'>enim,</span> <span class='ocrx_word' id='word_1_158' title='bbox 431 2302 468 2363; x_wconf 91' lang='lat' dir='ltr'>ut</span> <span class='ocrx_word' id='word_1_159' title='bbox 482 2299 586 2382; x_wconf 87' lang='lat' dir='ltr'>audio,</span> <span class='ocrx_word' id='word_1_160' title='bbox 601 2301 634 2362; x_wconf 84' lang='lat' dir='ltr'>et</span> <span class='ocrx_word' id='word_1_161' title='bbox 649 2319 669 2362; x_wconf 90' lang='lat' dir='ltr'>a</span> <span class='ocrx_word' id='word_1_162' title='bbox 682 2297 905 2382; x_wconf 83' lang='lat' dir='ltr'>praesentibus</span> <span class='ocrx_word' id='word_1_163' title='bbox 914 2296 1044 2381; x_wconf 82' lang='lat' dir='ltr'>quibus-</span> 
     </span>
     <span class='ocr_line' id='line_1_23' title="bbox 83 2385 1045 2472; baseline -0.001 -22"><span class='ocrx_word' id='word_1_164' title='bbox 83 2385 161 2450; x_wconf 87' lang='lat' dir='ltr'>dam</span> <span class='ocrx_word' id='word_1_165' title='bbox 185 2388 218 2450; x_wconf 86' lang='lat' dir='ltr'>et</span> <span class='ocrx_word' id='word_1_166' title='bbox 240 2406 298 2469; x_wconf 87' lang='lat' dir='ltr'>per</span> <span class='ocrx_word' id='word_1_167' title='bbox 319 2387 457 2452; x_wconf 83' lang='lat' dir='ltr'>litteras:</span> <span class='ocrx_word' id='word_1_168' title='bbox 479 2387 520 2451; x_wconf 91' lang='lat' dir='ltr'>iis</span> <span class='ocrx_word' id='word_1_169' title='bbox 542 2387 589 2451; x_wconf 88' lang='lat' dir='ltr'>ita</span> <span class='ocrx_word' id='word_1_170' title='bbox 605 2390 655 2451; x_wconf 88' lang='lat' dir='ltr'>est</span> <span class='ocrx_word' id='word_1_171' title='bbox 676 2386 917 2472; x_wconf 86' lang='lat' dir='ltr'>occurrendum,</span> <span class='ocrx_word' id='word_1_172' title='bbox 939 2389 977 2450; x_wconf 90' lang='lat' dir='ltr'>ut</span> <span class='ocrx_word' id='word_1_173' title='bbox 997 2386 1045 2450; x_wconf 88' lang='lat' dir='ltr'>rei</span> 
     </span>
     <span class='ocr_line' id='line_1_24' title="bbox 82 2473 1072 2563; baseline 0.003 -26"><span class='ocrx_word' id='word_1_174' title='bbox 82 2473 277 2558; x_wconf 81' lang='lat' dir='ltr'>magnitudo</span> <span class='ocrx_word' id='word_1_175' title='bbox 306 2475 462 2563; x_wconf 83' lang='lat' dir='ltr'>postulat.</span> <span class='ocrx_word' id='word_1_176' title='bbox 505 2473 616 2541; x_wconf 80' lang='lat' dir='ltr'>Fufius</span> <span class='ocrx_word' id='word_1_177' title='bbox 648 2475 803 2560; x_wconf 84' lang='lat' dir='ltr'>estillic,</span> <span class='ocrx_word' id='word_1_178' title='bbox 833 2475 914 2540; x_wconf 85' lang='lat' dir='ltr'>mibi</span> <span class='ocrx_word' id='word_1_179' title='bbox 939 2473 1072 2540; x_wconf 70' lang='lat' dir='ltr'>initui-s</span> 
     </span>
     <span class='ocr_line' id='line_1_25' title="bbox 84 2561 1045 2646; baseline 0 -20"><span class='ocrx_word' id='word_1_180' title='bbox 84 2562 249 2646; x_wconf 81' lang='lat' dir='ltr'>cissimus3</span> <span class='ocrx_word' id='word_1_181' title='bbox 281 2561 421 2639; x_wconf 80' lang='lat' dir='ltr'>Quintus</span> <span class='ocrx_word' id='word_1_182' title='bbox 447 2564 535 2628; x_wconf 85' lang='lat' dir='ltr'>misit</span> <span class='ocrx_word' id='word_1_183' title='bbox 561 2563 663 2628; x_wconf 89' lang='lat' dir='ltr'>filium</span> <span class='ocrx_word' id='word_1_184' title='bbox 692 2585 761 2629; x_wconf 92' lang='lat' dir='ltr'>non</span> <span class='ocrx_word' id='word_1_185' title='bbox 787 2564 892 2629; x_wconf 86' lang='lat' dir='ltr'>solnm</span> <span class='ocrx_word' id='word_1_186' title='bbox 919 2563 970 2628; x_wconf 85' lang='lat' dir='ltr'>sui</span> <span class='ocrx_word' id='word_1_187' title='bbox 993 2562 1045 2627; x_wconf 87' lang='lat' dir='ltr'>de·</span> 
     </span>
     <span class='ocr_line' id='line_1_26' title="bbox 82 2650 1046 2734; baseline 0 -20"><span class='ocrx_word' id='word_1_188' title='bbox 82 2655 298 2734; x_wconf 75' lang='lat' dir='ltr'>precatorem3</span> <span class='ocrx_word' id='word_1_189' title='bbox 321 2650 377 2716; x_wconf 86' lang='lat' dir='ltr'>sed</span> <span class='ocrx_word' id='word_1_190' title='bbox 391 2652 489 2716; x_wconf 86' lang='lat' dir='ltr'>etiam</span> <span class='ocrx_word' id='word_1_191' title='bbox 506 2655 725 2718; x_wconf 84' lang='lat' dir='ltr'>accusatorem</span> <span class='ocrx_word' id='word_1_192' title='bbox 737 2652 813 2718; x_wconf 89' lang='lat' dir='ltr'>mei:</span> <span class='ocrx_word' id='word_1_193' title='bbox 836 2652 964 2717; x_wconf 76' lang='lat' dir='ltr'>dictitat</span> <span class='ocrx_word' id='word_1_194' title='bbox 978 2663 1046 2715; x_wconf 85' lang='lat' dir='ltr'>sea</span> 
     </span>
     <span class='ocr_line' id='line_1_27' title="bbox 83 2738 1046 2825; baseline 0.001 -22"><span class='ocrx_word' id='word_1_195' title='bbox 83 2760 137 2803; x_wconf 89' lang='lat' dir='ltr'>mc</span> <span class='ocrx_word' id='word_1_196' title='bbox 160 2739 247 2824; x_wconf 90' lang='lat' dir='ltr'>apud</span> <span class='ocrx_word' id='word_1_197' title='bbox 271 2738 441 2806; x_wconf 80' lang='lat' dir='ltr'>Gaesarem</span> <span class='ocrx_word' id='word_1_198' title='bbox 464 2739 655 2825; x_wconf 80' lang='lat' dir='ltr'>oppugnari,</span> <span class='ocrx_word' id='word_1_199' title='bbox 677 2740 763 2824; x_wconf 88' lang='lat' dir='ltr'>quod</span> <span class='ocrx_word' id='word_1_200' title='bbox 786 2740 905 2805; x_wconf 83' lang='lat' dir='ltr'>refellit</span> <span class='ocrx_word' id='word_1_201' title='bbox 927 2738 1046 2806; x_wconf 80' lang='lat' dir='ltr'>Caesar</span> 
     </span>
     <span class='ocr_line' id='line_1_28' title="bbox 83 2828 1045 2913; baseline 0 -21"><span class='ocrx_word' id='word_1_202' title='bbox 83 2828 155 2912; x_wconf 87' lang='lat' dir='ltr'>ipse</span> <span class='ocrx_word' id='word_1_203' title='bbox 179 2849 353 2912; x_wconf 82' lang='lat' dir='ltr'>omnesque</span> <span class='ocrx_word' id='word_1_204' title='bbox 376 2828 445 2893; x_wconf 86' lang='lat' dir='ltr'>eius</span> <span class='ocrx_word' id='word_1_205' title='bbox 468 2829 576 2911; x_wconf 82' lang='lat' dir='ltr'>amici3</span> <span class='ocrx_word' id='word_1_206' title='bbox 599 2847 702 2913; x_wconf 89' lang='lat' dir='ltr'>neque</span> <span class='ocrx_word' id='word_1_207' title='bbox 718 2850 796 2894; x_wconf 80' lang='lat' dir='ltr'>vcro</span> <span class='ocrx_word' id='word_1_208' title='bbox 818 2828 954 2912; x_wconf 82' lang='lat' dir='ltr'>desistit,</span> <span class='ocrx_word' id='word_1_209' title='bbox 976 2829 1045 2893; x_wconf 88' lang='lat' dir='ltr'>ubi-</span> 
     </span>
     <span class='ocr_line' id='line_1_29' title="bbox 84 2915 1046 3000; baseline 0 -20"><span class='ocrx_word' id='word_1_210' title='bbox 84 2937 224 2999; x_wconf 86' lang='lat' dir='ltr'>cumque</span> <span class='ocrx_word' id='word_1_211' title='bbox 246 2920 304 3000; x_wconf 86' lang='lat' dir='ltr'>est,</span> <span class='ocrx_word' id='word_1_212' title='bbox 326 2917 436 2981; x_wconf 88' lang='lat' dir='ltr'>omnia</span> <span class='ocrx_word' id='word_1_213' title='bbox 457 2917 493 2980; x_wconf 92' lang='lat' dir='ltr'>in</span> <span class='ocrx_word' id='word_1_214' title='bbox 506 2937 557 2982; x_wconf 90' lang='lat' dir='ltr'>mc</span> <span class='ocrx_word' id='word_1_215' title='bbox 579 2916 750 2982; x_wconf 86' lang='lat' dir='ltr'>maledicta</span> <span class='ocrx_word' id='word_1_216' title='bbox 763 2917 919 2983; x_wconf 80' lang='lat' dir='ltr'>conferre.</span> <span class='ocrx_word' id='word_1_217' title='bbox 953 2915 1046 2981; x_wconf 90' lang='lat' dir='ltr'>Nihil</span> 
     </span>
     <span class='ocr_line' id='line_1_30' title="bbox 84 3003 1045 3089; baseline -0.001 -20"><span class='ocrx_word' id='word_1_218' title='bbox 84 3005 167 3069; x_wconf 89' lang='lat' dir='ltr'>mihi</span> <span class='ocrx_word' id='word_1_219' title='bbox 189 3025 342 3089; x_wconf 87' lang='lat' dir='ltr'>umquam</span> <span class='ocrx_word' id='word_1_220' title='bbox 363 3008 432 3069; x_wconf 87' lang='lat' dir='ltr'>tarn</span> <span class='ocrx_word' id='word_1_221' title='bbox 458 3004 645 3070; x_wconf 78' lang='lat' dir='ltr'>incrchbile</span> <span class='ocrx_word' id='word_1_222' title='bbox 668 3005 802 3088; x_wconf 87' lang='lat' dir='ltr'>accidit,·</span> <span class='ocrx_word' id='word_1_223' title='bbox 827 3004 910 3068; x_wconf 89' lang='lat' dir='ltr'>nihil</span> <span class='ocrx_word' id='word_1_224' title='bbox 936 3003 972 3068; x_wconf 91' lang='lat' dir='ltr'>in</span> <span class='ocrx_word' id='word_1_225' title='bbox 993 3004 1045 3069; x_wconf 89' lang='lat' dir='ltr'>his</span> 
     </span>
     <span class='ocr_line' id='line_1_31' title="bbox 84 3091 1046 3178; baseline -0.001 -21"><span class='ocrx_word' id='word_1_226' title='bbox 84 3093 269 3157; x_wconf 77' lang='lat' dir='ltr'>malletum</span> <span class='ocrx_word' id='word_1_227' title='bbox 293 3091 453 3158; x_wconf 84' lang='lat' dir='ltr'>acerbum.</span> <span class='ocrx_word' id='word_1_228' title='bbox 497 3091 560 3169; x_wconf 80' lang='lat' dir='ltr'>Qui</span> <span class='ocrx_word' id='word_1_229' title='bbox 582 3115 621 3158; x_wconf 86' lang='lat' dir='ltr'>ex</span> <span class='ocrx_word' id='word_1_230' title='bbox 642 3093 714 3178; x_wconf 90' lang='lat' dir='ltr'>ipso</span> <span class='ocrx_word' id='word_1_231' title='bbox 738 3091 917 3176; x_wconf 83' lang='lat' dir='ltr'>audissent,</span> <span class='ocrx_word' id='word_1_232' title='bbox 945 3111 1046 3176; x_wconf 86' lang='lat' dir='ltr'>quum</span> 
     </span>
     <span class='ocr_line' id='line_1_32' title="bbox 84 3179 1046 3266; baseline -0.003 -19"><span class='ocrx_word' id='word_1_233' title='bbox 84 3179 223 3266; x_wconf 81' lang='lat' dir='ltr'>Sicyone</span> <span class='ocrx_word' id='word_1_234' title='bbox 240 3182 348 3265; x_wconf 88' lang='lat' dir='ltr'>palam</span> <span class='ocrx_word' id='word_1_235' title='bbox 361 3181 472 3246; x_wconf 89' lang='lat' dir='ltr'>multis</span> <span class='ocrx_word' id='word_1_236' title='bbox 487 3181 691 3246; x_wconf 87' lang='lat' dir='ltr'>audientibus</span> <span class='ocrx_word' id='word_1_237' title='bbox 705 3182 898 3264; x_wconf 87' lang='lat' dir='ltr'>loqueretur,</span> <span class='ocrx_word' id='word_1_238' title='bbox 920 3180 1046 3245; x_wconf 84' lang='lat' dir='ltr'>nefaria</span> 
     </span>
     <span class='ocr_line' id='line_1_33' title="bbox 84 3267 1045 3354; baseline -0.003 -19"><span class='ocrx_word' id='word_1_239' title='bbox 84 3271 243 3354; x_wconf 86' lang='lat' dir='ltr'>quaedam</span> <span class='ocrx_word' id='word_1_240' title='bbox 271 3270 312 3334; x_wconf 89' lang='lat' dir='ltr'>ad</span> <span class='ocrx_word' id='word_1_241' title='bbox 339 3291 391 3334; x_wconf 91' lang='lat' dir='ltr'>mc</span> <span class='ocrx_word' id='word_1_242' title='bbox 419 3271 631 3354; x_wconf 86' lang='lat' dir='ltr'>pertulerunt.</span> <span class='ocrx_word' id='word_1_243' title='bbox 675 3267 773 3334; x_wconf 88' lang='lat' dir='ltr'>Nosti</span> <span class='ocrx_word' id='word_1_244' title='bbox 799 3288 916 3354; x_wconf 80' lang='lat' dir='ltr'>genus,</span> <span class='ocrx_word' id='word_1_245' title='bbox 947 3269 1045 3333; x_wconf 89' lang='lat' dir='ltr'>etiam</span> 
     </span>
    </p>
   </div>
   <div class='ocr_carea' id='block_1_6' title="bbox 155 3477 1045 3603">
    <p class='ocr_par' dir='ltr' id='par_1_6' title="bbox 155 3477 1045 3603">
     <span class='ocr_line' id='line_1_34' title="bbox 155 3477 1045 3603; baseline 0 -71"><span class='ocrx_word' id='word_1_246' title='bbox 155 3479 207 3548; x_wconf 87' lang='lat' dir='ltr'>Ep.</span> <span class='ocrx_word' id='word_1_247' title='bbox 228 3484 253 3547; x_wconf 73' lang='lat'>⁷,</span> <span class='ocrx_word' id='word_1_248' title='bbox 272 3484 296 3534; x_wconf 71' lang='lat' dir='ltr'>t.</span> <span class='ocrx_word' id='word_1_249' title='bbox 323 3479 455 3536; x_wconf 74' lang='lat' dir='ltr'>videbunt</span> <span class='ocrx_word' id='word_1_250' title='bbox 473 3479 530 3603; x_wconf 57' lang='lat' dir='ltr'>(p).</span> <span class='ocrx_word' id='word_1_251' title='bbox 553 3479 682 3534; x_wconf 56' lang='lat' dir='ltr'>aderunt</span> <span class='ocrx_word' id='word_1_252' title='bbox 699 3477 792 3546; x_wconf 75' lang='lat' dir='ltr'>MRL,</span> <span class='ocrx_word' id='word_1_253' title='bbox 812 3477 906 3534; x_wconf 82' lang='lat' dir='ltr'>Wuru.</span> <span class='ocrx_word' id='word_1_254' title='bbox 925 3478 1045 3533; x_wconf 61' lang='lat' dir='ltr'>videdat</span> 
     </span>
    </p>
   </div>
   <div class='ocr_carea' id='block_1_7' title="bbox 83 3549 943 3621">
    <p class='ocr_par' dir='ltr' id='par_1_7' title="bbox 83 3549 943 3621">
     <span class='ocr_line' id='line_1_35' title="bbox 83 3549 943 3621; baseline -0.003 -15"><span class='ocrx_word' id='word_1_255' title='bbox 83 3549 173 3621; x_wconf 81' lang='lat' dir='ltr'>(Ocrr.</span> <span class='ocrx_word' id='word_1_256' title='bbox 192 3549 273 3619; x_wconf 61' lang='lat' dir='ltr'>cuni,</span> <span class='ocrx_word' id='word_1_257' title='bbox 292 3550 354 3606; x_wconf 88' lang='lat' dir='ltr'>cdd.</span> <span class='ocrx_word' id='word_1_258' title='bbox 372 3549 463 3620; x_wconf 80' lang='lat' dir='ltr'>Regii,</span> <span class='ocrx_word' id='word_1_259' title='bbox 507 3553 524 3620; x_wconf 89' lang='lat'>.)</span> <span class='ocrx_word' id='word_1_260' title='bbox 940 3589 943 3596; x_wconf 67' lang='lat'>,</span> 
     </span>
    </p>
   </div>
   <div class='ocr_carea' id='block_1_8' title="bbox 0 0 1251 3974">
    <p class='ocr_par' dir='ltr' id='par_1_8' title="bbox 0 0 1251 3974">
     <span class='ocr_line' id='line_1_36' title="bbox 0 0 1251 3974; baseline 0 0"><span class='ocrx_word' id='word_1_261' title='bbox 0 0 1251 3974; x_wconf 95' lang='lat' dir='ltr'> </span> 
     </span>
    </p>
   </div>
  </div>
 </body>
</html>
