2582 3980
316 207 499 264 uersroaa
517 209 566 263 An
586 209 838 266 ccravnuun.
990 211 1054 278 657
1145 283 1147 290 ,

16 367 32 406 'ft
96 375 117 418 a
139 353 257 437 quibus
279 353 471 420 reverteris?
500 351 622 420 Contra
644 375 725 439 quos
748 355 965 422 armavimus?
987 357 1056 441 qui·

18 457 33 497 -ἰ
96 442 157 506 hus
181 463 271 508 arma
294 443 418 528 cogitas
440 442 581 508 inferre?
611 442 641 507 Α
665 443 781 528 quibus
804 445 978 510 exercitum
1001 446 1055 511 ab·

16 546 30 585 ”-
96 531 209 596 ducis?
233 553 313 615 quos
328 531 479 596 adversus
494 533 596 598 aciem
612 532 731 597 struis?
754 530 819 598 Cur
841 534 945 600 hostis
959 535 1055 599 relin-

17 638 32 675 ὲ.
96 621 220 704 quitur,
243 621 321 685 civis
343 620 446 686 hostis
469 620 541 686 loco
564 621 706 705 petitur?
735 619 800 687 Our
823 625 929 688 castra
949 623 1054 690 medio

94 709 212 774 itinere
234 709 364 795 longius
386 709 425 774 ab
448 709 703 776 adversariorum
726 710 839 776 casteis
868 714 901 776 et
922 713 1055 797 propius

18 815 31 853 '2
94 798 209 863 urbem
232 797 424 864 moventur?
452 797 545 863 Ome
558 819 734 883 numquam
751 800 930 884 sapientem
953 803 985 864 et
999 801 1082 864 ali-c

16 905 27 944 2·
96 886 226 971 quando
252 886 299 971 id,
332 887 417 971 quod
447 908 514 952 non
542 909 642 971 eram,
672 888 794 953 frustra
825 889 1055 954 existimatum!

24 1025 25 1028 ,
95 980 255 1060 quantum
276 979 319 1059 te,
341 975 460 1060 popule
477 975 633 1060 Romane,
656 975 694 1040 de
717 998 768 1041 me
790 977 907 1041 fefellit
930 978 1054 1062 opinio!

16 1085 24 1121 2:
95 1064 124 1130 Ο
151 1087 257 1129 meam
284 1065 505 1130 calamitosam
532 1085 569 1128 ac
601 1065 809 1149 praecipitem
842 1068 1054 1131 senectutem!

22 1169 29 1229 ξ
96 1157 268 1237 oturpem
291 1156 412 1218 exacta·
430 1152 633 1237 clementique
660 1156 766 1218 aetate
793 1154 956 1220 canitiem!
994 1175 1054 1240 ego
1153 1197 1157 1206 ι

18 1239 22 1308 ζ
94 1246 205 1326 patres
228 1242 428 1326 conscriptos
451 1241 492 1306 ad
515 1241 723 1327 parricidium
744 1243 872 1326 induxi,
904 1263 965 1328 ego
987 1265 1055 1308 rem

17 1365 24 1388 2
94 1331 259 1415 publicam
289 1330 404 1414 fefelli,
435 1350 496 1416 ego
527 1330 634 1413 ipsum
666 1335 815 1397 senatum
840 1331 910 1397 sihi
940 1353 1055 1398 manus

95 1419 210 1484 afferre
233 1420 334 1504 coligi,
357 1441 455 1504 quum
478 1422 510 1484 te
533 1418 708 1484 Iunonium
730 1424 922 1504 puerumet
942 1421 1055 1486 matris

19 1527 24 1565 1
93 1511 172 1573 tuae
194 1512 324 1592 partum
347 1529 480 1572 aureum
506 1529 576 1572 esse
605 1508 682 1592 dixi3
715 1512 749 1572 at
774 1511 807 1572 te
835 1509 905 1574 fata
931 1510 1055 1593 patriae

20 1615 24 1653 t
93 1595 245 1662 Paridem
267 1597 413 1662 futurum
434 1596 677 1681 praedicebant,
699 1597 754 1680 qui
776 1599 920 1662 vastares
943 1599 1056 1665 urbem

94 1685 260 1770 incendio,
285 1684 415 1750 Italiam
437 1686 536 1771 belle,
566 1686 621 1769 qui
644 1689 750 1752 castra
772 1687 807 1750 in
831 1687 958 1771 templis
981 1687 1055 1752 deo·

16 1797 18 1834 z
94 1797 169 1840 rum
205 1775 448 1859 immortalium,
484 1777 633 1840 senatum
668 1775 854 1861 incastris
885 1776 1056 1841 habiturus

16 1881 23 1922 ι
95 1885 193 1928 esses.
238 1861 438 1928 Omiseram
460 1864 551 1928 etin
572 1863 663 1928 brevi
684 1867 753 1928 tam
775 1864 910 1928 celerem
933 1868 966 1928 et
987 1867 1081 1928 eamr

16 1973 19 2012 ῑ
95 1952 221 2016 variam
247 1952 294 2015 rei
319 1951 467 2035 publicae
494 1950 793 2016 commutationem!
825 1951 975 2035 quisnam
997 1953 1056 2016 tali

16 2043 19 2099 ζ
95 2040 226 2104 futurus
254 2038 388 2124 ingenio
416 2041 478 2122 est,
510 2038 565 2121 qui
592 2039 695 2121 possit
721 2039 802 2103 haec
828 2039 876 2102 ita
901 2040 1056 2106 mandare

16 2149 18 2184 r
95 2127 229 2210 litteris,
264 2130 301 2190 ut
327 2127 427 2211 facta,
453 2147 521 2192 non
547 2126 623 2191 ficta
655 2127 825 2192 videantur
856 2126 948 2193 esse?
984 2130 1056 2212 quis

16 2271 17 2274 ,
96 2216 160 2280 erit
181 2217 275 2282 t’anta
297 2215 398 2280 animi
418 2215 583 2300 facilitate,
606 2216 674 2302 qui,
697 2237 779 2301 quae
806 2216 970 2281 verissime
992 2238 1056 2282 me-

16 2325 17 2330 *
96 2305 201 2372 moria
231 2307 411 2390 propagata
442 2304 576 2388 fuerint,
605 2325 673 2370 non
704 2304 834 2369 fabulae
866 2305 984 2370 similia
1015 2305 1057 2370 sit

16 2411 17 2448 1
97 2392 359 2458 existimaturus?
383 2393 491 2478 cogita
513 2393 600 2458 enim
622 2391 804 2459 Antonium
825 2393 954 2459 hostem
976 2394 1056 2459 iudi-

97 2486 220 2566 catum,
251 2482 292 2546 ab
319 2503 357 2547 eo
390 2483 633 2551 circumsessum
660 2483 825 2550 consulem
852 2482 1057 2568 designatum

97 2570 299 2655 eundemque
321 2570 369 2635 rei
390 2570 538 2654 publicae
559 2574 737 2655 parentem,
758 2574 791 2635 te
814 2569 996 2656 profectum
1016 2571 1056 2637 ad

98 2658 264 2724 consulem
289 2657 491 2724 liberandum
519 2662 552 2723 et
580 2659 707 2724 hostem
730 2659 977 2745 opprimendum
998 2661 1055 2725 ho-

43 2823 50 2836 ,
99 2751 244 2831 stemque
266 2769 287 2810 a
309 2750 341 2810 te
364 2746 513 2831 fugatum
527 2750 561 2811 et
574 2749 738 2814 consulem
752 2748 919 2814 obsidione
942 2749 1056 2812 libera·

97 2841 195 2919 tum,
220 2834 334 2900 deinde
370 2835 479 2920 paullo
515 2838 590 2919 post
624 2835 775 2922 fugatum
805 2837 897 2901 illum
928 2836 1056 2901 hostem

98 2924 287 2990 arcessitum
308 2927 475 3008 tamquam
497 2923 686 2990 coheredem
713 2927 842 2991 mortua
863 2945 898 2988 re
927 2924 1057 3008 publica
1108 3005 1109 3008 Ἴ

98 3013 140 3078 ad
171 3011 259 3078 hona
288 3013 406 3096 populi
431 3013 572 3079 Romani
603 3013 774 3098 capienda,
806 3013 971 3078 consulem
1004 3012 1056 3078 de·

99 3101 641 3255 {lfllhtlllltdltl
661 3101 1071 3274 lllldldssflh.

169 3345 221 3415 Ep.
240 3345 276 3400 ad
296 3343 366 3413 Oct,
385 3349 410 3400 ⁵.
442 3344 558 3400 instruis
577 3347 641 3414 (cll
661 3373 698 3386 -
721 3362 755 3401 ecc
772 3346 859 3402 medic
877 3347 974 3402 itincre
992 3347 1056 3416 (c.)?

97 3417 142 3471 An
165 3432 199 3471 m⁴
218 3417 287 3471 iai.
310 3416 356 3472 rel
378 3417 411 3470 ia
427 3432 461 3470 m.
480 3417 499 3471 t.
529 3417 613 3486 (W.)?
645 3447 679 3458 -
711 3417 819 3487 loomim
837 3417 872 3472 ab
890 3417 951 3474 ado.
980 3417 1055 3485 (Ν).

99 3486 160 3543 Om.
179 3487 215 3542 ct
233 3487 327 3557 vulgo.
364 3493 389 3542 t.
408 3491 542 3556 quacum
559 3491 610 3542 tua
627 3491 652 3542 tc
670 3487 758 3556 (ΝΜ
777 3519 810 3528 -
829 3493 925 3544 cauda
943 3489 1056 3544 lateati-

98 3574 148 3628 quc
168 3558 252 3630 (Ἦν
289 3565 313 3613 7.
341 3559 373 3613 ia
391 3559 464 3614 treci
481 3563 598 3628 tenpore
615 3563 671 3614 tam
690 3559 756 3629 (W.)

152 3647 266 3690 ciceronis
279 3647 343 3696 epist.
358 3649 390 3690 11.
858 3651 893 3700 42
