2608 3972
227 200 273 264 24
511 202 549 258 M.
568 201 692 258 TULLII
710 203 900 260 CICERONIS

226 344 357 430 patroni
384 367 496 414 omnes
528 347 751 432 concidemnt,
782 348 823 414 ed
854 371 906 414 me
935 353 1043 416 autern
1071 350 1187 418 cadem

225 431 408 516 frequentia
430 435 585 520 postridie
608 436 772 519 convenit,
804 458 942 521 quacum
974 438 1085 504 abiens
1109 461 1187 508 con-

226 521 334 586 sulatu
366 543 437 588 sum
473 524 605 589 domum
639 523 799 590 reductus.
844 522 991 592 Clamare
1026 528 1188 611 praeclari

226 603 438 696 Ariopagitae
478 633 512 676 se
544 633 611 677 non
643 633 712 678 esse
748 616 901 679 venturos
932 615 996 680 nisi
1022 615 1186 700 praesidio

227 697 414 764 constituto.
458 697 611 766 Refertur
638 699 680 765 sd
702 701 885 767 consilium:
921 723 988 768 unc
1016 704 1085 768 sola
1111 724 1185 768 seu·

225 785 329 850 tentia
350 786 547 871 praesidium
569 809 637 853 non
660 787 861 854 desideravit
893 789 1046 856 Defertur
1067 812 1119 856 res
1141 792 1186 858 ad

227 876 389 939 senatum:
411 875 601 960 gravissime
619 877 885 961 ornatissimeque
900 877 1094 962 decernitur,
1114 879 1185 944 lau·

226 959 344 1026 dantur
370 962 506 1046 iudices;
533 963 628 1030 datur
654 965 822 1049 negotium
849 967 1105 1051 magistratibus,
1134 987 1185 1034 ra·

227 1074 421 1138 sponsarum
455 1053 620 1120 hominem
654 1076 750 1122 nemo
780 1057 1006 1123 arbitrabatur.
1051 1054 1188 1120 ”anm

226 1141 291 1206 νῦν
313 1165 386 1224 μοι,
407 1143 562 1225 Μοῦσαι,
577 1181 619 1190 -
634 1137 748 1220 ὅππως
770 1141 812 1229 δὴ
835 1145 966 1228 πρῶτον
980 1143 1046 1228 πῦρ
1061 1144 1188 1226 ἔμπεσε.

226 1227 324 1296 Nosti
365 1227 500 1294 Calmm
536 1253 576 1296 ex
610 1229 823 1316 Nanneianis,
859 1233 952 1298 illum
986 1230 1190 1297 laudatorem

223 1340 341 1403 mcum,
365 1319 404 1384 de
427 1321 517 1386 cuius
540 1322 687 1387 oratione
709 1341 788 1406 erga
809 1343 861 1384 me
883 1321 1062 1387 honorifica
1084 1319 1127 1385 ad
1148 1324 1184 1385 te

225 1407 438 1492 scripseramr·
457 1408 556 1473 biduo
588 1429 646 1492 per
676 1429 778 1476 unum
810 1429 951 1494 servum,
981 1412 1116 1473 etcum
1143 1429 1185 1474 ex

224 1495 417 1580 gladiatorio
430 1496 517 1581 ludo,
539 1495 682 1562 confecit
692 1498 799 1562 totum
812 1498 993 1583 negotium:
1016 1496 1185 1562 arcessivit

224 1582 266 1648 ad
289 1605 333 1668 se,
354 1585 512 1669 promisit,
533 1584 725 1669 intercessit,
746 1584 849 1668 dedic,
870 1585 936 1649 iam
958 1606 1034 1650 vero
1049 1605 1128 1649 -o
1149 1583 1184 1652 di

223 1671 321 1754 boni,
353 1693 423 1737 rem
452 1673 625 1757 perditam!
660 1707 703 1722 -
740 1672 838 1737 etiam
872 1677 986 1739 noctes
1022 1677 1185 1738 certarum

224 1759 395 1826 mulierum
428 1765 524 1844 atque
556 1760 870 1826 adolescentulorum
896 1761 1054 1826 nobilium
1081 1760 1185 1826 intro-
1292 1821 1293 1828 ,

225 1846 391 1912 ductiones
414 1849 579 1914 nonnullis
601 1848 760 1913 iudicibus
790 1870 848 1933 pro
874 1849 1029 1914 mercedis
1053 1849 1183 1936 cumulo
1292 1859 1293 1948 p

224 1934 364 2001 fuerunt
400 1935 452 2000 Ita
474 1958 600 2002 summo
623 1937 764 2002 discessu
786 1937 960 2022 bonorum,
989 1938 1086 2022 pleno
1109 1936 1183 2002 foro
1292 1949 1293 1958 ’

224 2040 390 2089 servorum
412 2042 491 2090 xxv.
512 2025 633 2090 iudices
655 2025 703 2088 ita
724 2024 826 2090 fortes
848 2029 959 2090 tamen
981 2025 1123 2108 fuerunt,
1145 2029 1185 2088 ut

225 2132 349 2178 summo
363 2113 531 2198 proposito
549 2113 691 2197 periculo
706 2113 757 2178 vel
778 2114 883 2198 perire
897 2114 1071 2178 maluerint
1085 2134 1185 2196 quam

223 2200 356 2284 perdere
384 2202 505 2267 omnia:
541 2218 634 2266 xxxx.
656 2201 806 2285 fuerunt,
837 2222 918 2286 quos
945 2201 1048 2266 fames
1078 2201 1184 2286 magis

224 2309 335 2371 quam·
351 2289 439 2355 fama
470 2292 700 2372 commoveret;
739 2310 876 2373 quorum
916 2287 1050 2354 Catulus
1084 2310 1184 2372 quum
1291 2287 1292 2368 l

223 2374 357 2440 vidisset
379 2378 549 2461 quendam,
570 2377 666 2462 „quid
689 2376 773 2460 vos,“
795 2377 910 2462 inquit,
933 2376 1150 2462 „praesidium
1163 2398 1184 2440 a
1291 2381 1292 2390 ’

223 2461 319 2526 nobis
341 2463 582 2546 postulabatis?
616 2483 672 2548 an,
699 2484 740 2528 nc
763 2466 888 2530 nummi
909 2465 1001 2530 robis
1024 2465 1185 2549 eriperen-

196 2551 287 2632 etur,
308 2549 521 2614 timebatis?“
546 2549 666 2633 Habes,
688 2555 727 2615 ut
747 2552 934 2618 brevissime
955 2553 1057 2636 potui,
1081 2565 1190 2638 genus·

100 2683 103 2688 -
223 2636 333 2702 iudicii
365 2641 398 2702 et
428 2658 559 2704 causam
591 2639 813 2704 absolutionis.
858 2639 992 2716 Quaeris
1024 2639 1187 2725 deinceps,
1290 2701 1291 2726 ,

225 2725 280 2808 qui
302 2745 390 2790 nunc
413 2727 456 2792 sit
479 2730 583 2792 status
606 2748 714 2792 rerum
738 2730 771 2792 et
793 2729 848 2812 qui
870 2750 970 2794 meus.
996 2727 1057 2794 Rei
1080 2729 1186 2812 publi.
1290 2727 1291 2760 1

224 2832 280 2877 cae
304 2816 425 2879 statum
446 2814 547 2899 illum,
570 2837 665 2900 quem
683 2819 721 2880 tu
734 2836 806 2880 mec
821 2817 966 2899 consilio,
989 2837 1050 2900 ego
1074 2815 1186 2884 divino

223 2901 449 2973 confirmatum
471 2903 642 2988 putabam,
670 2903 725 2987 qui
751 2904 911 2969 bonorum
938 2903 1086 2970 omnium
1109 2925 1186 2971 con·

222 2989 389 3056 iunctione
403 2992 436 3054 et
456 2992 649 3057 auctoritate
663 2991 849 3056 consulatus
872 2992 936 3056 mei
958 2991 1041 3056 fixus
1064 2996 1099 3057 et
1111 2992 1186 3058 fan·

223 3075 318 3142 datus
340 3076 523 3161 videbatur,
545 3078 608 3143 uisi
631 3079 702 3162 quis
722 3099 783 3144 nos
806 3078 884 3143 deus
906 3079 1099 3164 respexerit,
1122 3082 1186 3145 ela·

184 3295 188 3298 ’
291 3305 351 3426 Ep„
357 3313 397 3387 1¹6,
409 3314 436 3364 5.
451 3309 566 3390 Quicum
578 3325 612 3366 ac
628 3311 680 3381 N..
697 3313 777 3368 illum
790 3312 867 3379 (W.).
892 3314 953 3370 Om.
965 3315 1045 3372 illem
1057 3317 1188 3387 Edesco.

223 3371 1187 3522 laeralbus-vlesssecstfdmmbbm

224 3505 268 3574 [t]
289 3459 536 3594 eohee.,'quas1⁸⁰rl
554 3459 676 3568 Senddae
693 3489 759 3585 (Eps
773 3521 816 3583 9⁷,
827 3518 854 3584 6)
873 3450 968 3571 codice
985 3489 1031 3574 sic'
1042 3455 1186 3588 fueritd'ld:
