2594 3976
245 241 312 306 524
528 241 565 296 Μ.
584 239 708 296 TULLII
725 237 919 296 CICERONIS

246 407 330 467 sum,
362 388 399 450 ut
420 385 598 471 intelligas,
628 384 742 469 quanti
765 384 851 470 apud
873 405 925 449 me
948 383 1129 450 auotoritas
1153 386 1213 447 tua

245 474 303 560 sit,
325 476 422 558 etque
444 496 483 541 eo
505 477 538 542 te
560 474 800 560 placabiliorem
822 473 987 558 praebeas.

707 666 745 734 Β.

472 785 601 846 emese
620 740 788 847 suroruo
807 787 882 844 eos
899 786 928 852 s
947 785 981 842 n

222 921 235 963 1
314 894 408 972 Quod
429 917 555 965 meeum
577 918 635 980 per
656 896 781 962 litteras
795 895 879 997 agis,
898 915 998 964 unam
1012 895 1055 962 ob
1076 915 1210 960 eausam

246 984 377 1053 mallem
398 1006 507 1050 eoram
525 985 656 1068 egisses,
676 984 847 1060 nonenim
861 984 966 1051 solum
988 1005 1028 1051 ex
1051 985 1210 1068 oratione,

247 1072 304 1137 sed
331 1072 429 1138 etism
457 1095 496 1142 ex
517 1074 609 1138 vultu
636 1077 670 1136 et
696 1073 797 1141 oeulis
821 1075 864 1148 et
882 1072 1005 1155 fronte,
1035 1076 1074 1138 ιιι
1106 1073 1209 1154 aiunt,

247 1180 355 1228 meum
378 1181 455 1248 erga
477 1163 509 1225 te
538 1182 680 1226 amorem
707 1160 887 1244 perspicere
914 1161 1089 1244 potuisses,
1121 1181 1208 1240 nem,

247 1270 347 1332 quum
368 1252 402 1313 te
425 1269 551 1334 semper
573 1248 695 1332 amavi,
724 1249 865 1332 primum
890 1251 948 1314 tuo
978 1248 1100 1332 studio,
1134 1252 1208 1332 post

249 1336 346 1402 etiam
368 1335 523 1404 beneficio
546 1340 748 1422 provocatus,
769 1340 840 1402 tum
862 1336 914 1402 bis
937 1336 1139 1421 temporibus
1157 1357 1208 1400 res

248 1424 381 1510 publiea
398 1428 431 1490 te
453 1425 533 1490 mihi
560 1425 607 1490 ita
634 1425 884 1509 sommendavit,
911 1427 949 1488 ut
970 1425 1130 1490 rariorem
1152 1425 1206 1490 ba·

222 1512 344 1582 rbeam
377 1514 553 1596 neminem,
590 1512 718 1578 litterse
749 1535 826 1578 vero
857 1517 933 1578 tuae
965 1535 1065 1598 quum
1097 1534 1207 1578 eman·

248 1601 387 1686 tissime,
425 1605 497 1667 tum
537 1601 860 1678 honorificentissime
899 1601 1036 1684 scriptae
1074 1601 1121 1668 sie
1156 1623 1207 1666 me

249 1687 433 1771 effecerunt,
455 1693 492 1752 ut
514 1711 582 1754 uon
601 1689 677 1754 dare
699 1690 759 1756 tibi
781 1689 972 1754 benefieium
993 1689 1130 1774 viderer,
1152 1689 1206 1754 sed

249 1776 392 1862 accipere
415 1799 435 1842 a
456 1780 489 1841 te
512 1777 559 1844 ita
580 1780 726 1862 petente,
752 1780 791 1846 ut
811 1777 978 1844 inimicum
998 1799 1121 1862 meum,
1152 1799 1205 1844 ue

250 1865 423 1931 cessarium
444 1869 538 1931 tuum
559 1887 610 1934 me
632 1865 735 1940 inrito
759 1887 885 1933 servare
908 1866 1026 1951 nolles,
1051 1888 1153 1950 quum
1172 1865 1205 1931 id

222 1953 340 2022 suullo
369 1953 501 2040 negotio
528 1954 633 2020 faeere
660 1975 781 2038 posses.
824 1953 898 2039 Epo
924 1975 1001 2022 vero
1026 1953 1089 2020 tibi
1114 1954 1206 2037 istuc,
1281 1957 1282 2008 i

249 2042 294 2106 mi
307 2041 443 2128 Antoni,
462 2042 601 2127 remitte,
623 2046 720 2126 etque
733 2043 789 2128 ita,
809 2046 849 2110 ut
865 2064 917 2108 me
939 2062 960 2107 a
980 2046 1024 2126 te,
1045 2065 1146 2128 quum
1166 2043 1206 2108 iis

249 2130 355 2196 verbis
391 2131 569 2217 scripseris,
603 2131 826 2197 liberalissime
864 2134 962 2215 atque
993 2130 1205 2198 honorifieen·

249 2218 372 2284 tissime
403 2222 578 2284 tractatum
609 2219 802 2304 existimem,
831 2219 933 2304 idque
961 2241 1060 2303 quum
1091 2223 1205 2302 totum,

250 2327 380 2392 quoquo
400 2307 496 2375 modo
515 2328 618 2374 seres
639 2307 783 2392 haberet,
804 2308 865 2372 tibi
887 2306 1029 2374 dandum
1051 2311 1206 2394 putarem,

249 2399 321 2461 tum
353 2395 394 2462 do
421 2396 519 2462 etiam
545 2395 741 2464 humanitati
768 2399 963 2462 straturae
989 2417 1094 2482 meae,
1123 2395 1204 2462 nihil
1280 2407 1281 2410 ’

251 2484 337 2548 enim
359 2505 512 2568 umquam
534 2505 603 2551 nou
632 2484 728 2550 modo
751 2484 934 2550 aeerbum
924 2503 960 2550 ιιι
981 2505 1034 2550 me
1055 2445 1128 2568 tiit,
1150 2483 1204 2550 sed
1280 2511 1281 2552 ι

250 2590 293 2636 ne
318 2571 428 2672 paullo
457 2571 585 2658 quidem
611 2572 736 2641 tristius
759 2576 817 2638 eut
845 2573 997 2657 severius,
1028 2593 1126 2656 quam
1152 2593 1204 2638 ne-

252 2657 384 2725 cessitas
409 2659 458 2724 rei
483 2659 630 2744 publicae
656 2682 715 2744 pos
716 2661 846 2745 tulerit3
878 2661 1001 2726 aceedit
1044 2664 1083 2728 ut
1109 2661 1203 2726 nain

251 2746 359 2833 ipsum
381 2745 509 2834 quidem
528 2746 676 2814 (llodium
698 2770 805 2814 meum
827 2749 956 2834 insigne
978 2703 1089 2816 orlium
1111 2749 1206 2814 luent

251 2857 414 2940 umquam,
436 2857 625 2938 semperque
647 2837 693 2901 ite
707 2838 816 2920 statui,
837 2859 905 2902 nou
919 2859 989 2902 esse
1001 2837 1205 2938 insectandos

251 2924 456 2992 inimieorum
479 2924 613 3007 amieos,
643 2927 832 3008 praesertim
854 2926 1056 3010 humiliores,
1086 2947 1147 2990 nee
1167 2925 1205 2990 ιιι

225 3014 419 3099 epraesidiis
446 3013 611 3083 nosmet
601 3035 690 3097 rpsos
717 3033 787 3080 erse
814 3014 1008 3098 spoliandos.
1053 3012 1140 3080 Nam
1167 3013 1205 3078 de
1279 3025 1280 3032 ’

251 3122 352 3186 puero
384 3100 497 3169 (llodio
527 3105 601 3168 tuas
632 3103 741 3186 partes
778 3123 848 3168 esse
878 3103 1033 3186 arbitror,
1072 3103 1206 3172 uteius

252 3189 397 3256 animum
423 3193 584 3274 tenerum,
616 3188 884 3274 quemadmodum
915 3191 1044 3275 scribis,
1072 3190 1115 3256 iis
1142 3191 1204 3274 opi-

251 3276 404 3346 nionibus
426 3277 562 3362 imbuas,
583 3281 621 3344 ut
643 3299 684 3344 ne
707 3299 787 3362 ques
805 3278 991 3354 inimititias
1012 3277 1153 3344 residere
1173 3279 1205 3343 in

251 3364 382 3430 familiis
405 3365 525 3432 nostris
548 3365 731 3433 arbitretur.
762 3364 923 3435 Contendi
945 3388 1019 3432 eum
1037 3365 1072 3432 P.
1087 3364 1208 3450 Clodio,
1278 3347 1279 3415 l

322 3569 378 3639 ep.
391 3577 433 3626 rs.
450 3571 491 3639 a,
509 3577 534 3630 ι.
552 3587 602 3629 ne
619 3575 656 3630 so
668 3589 762 3642 prm.
778 3575 841 3645 (n).
859 3591 908 3632 m
924 3577 969 3632 oo
980 3593 1012 3646 a.
1031 3576 1096 3645 un,
1114 3575 1204 3646 euge.
