2484 3974
230 211 490 277 EPISTOLARUM
507 221 557 275 AD
575 219 742 277 aurlcon
759 221 793 277 X.
813 228 838 276 9.
949 219 1015 286 365

47 365 189 432 victoria
224 366 310 430 selus
346 369 459 430 nostra
495 368 557 449 est,
601 365 706 432 odisse
742 368 800 432 aut
833 367 1015 452 relinquere

45 475 209 539 cogamur
240 457 298 519 aut
328 454 463 539 impiam
494 453 703 538 cupiditatem
734 456 848 520 contra
878 456 1016 520 salutem

44 546 139 606 tuam
174 542 353 607 habeamus
387 566 445 627 -3
481 541 619 627 denique
655 541 736 608 illud
772 544 893 628 cogita:
929 543 1016 628 quod

45 631 195 696 offensae
217 631 374 696 fueritin
396 630 461 696 ista
483 631 698 716 cunctatione,
719 633 753 696 te
768 630 905 717 subisse3
927 653 1016 698 nunc
1075 687 1082 696 .

44 723 76 784 te
108 723 232 786 contra
258 719 413 785 victorem
440 715 611 785 Caesarem
637 719 756 803 facere,
788 740 883 804 quern
909 719 1016 786 dubiis

44 807 146 873 rebus
171 807 299 873 laedere
321 807 469 893 noluisti,
500 809 535 872 et
561 807 603 872 ad
625 829 681 874 eos
703 808 834 893 fugatos
857 807 1017 892 accedere,

45 918 130 979 quos
165 897 353 961 resistentes
383 897 474 981 sequi
500 895 655 981 nolueris,
688 918 832 962 summae
859 897 1016 962 stultitiae

46 988 104 1049 est.
133 983 223 1050 Vide
238 1005 290 1070 nc,
312 984 390 1050 dum
410 985 513 1069 pudet
533 988 566 1050 tc
588 1005 703 1069 parurn
726 986 915 1071 optimatem
938 1006 1017 1069 esse,

46 1095 169 1156 parurn
192 1073 377 1159 diligenter,
405 1074 482 1158 quid
505 1073 663 1158 optimum
686 1073 741 1159 sit,
768 1074 879 1160 eligas.
924 1072 1044 1150 Quoue
1092 1094 1096 1102 ·

46 1161 211 1228 sitotum
232 1161 293 1227 tibi
315 1161 508 1247 persuadere
530 1183 599 1228 non
620 1165 762 1247 possum,
785 1164 908 1247 saltem,
931 1162 1018 1246 dum,

47 1249 713 1405 ttdltdttltdsstttcffltl
729 1255 1018 1416 stellati

49 1427 104 1490 isti
129 1449 225 1512 spem
247 1427 392 1493 habeant
414 1427 540 1492 amissis
562 1427 745 1513 Hispaniis,
776 1429 899 1513 nesci03
931 1428 1018 1513 quod

49 1537 151 1598 porro
183 1520 278 1580 tuum
307 1516 478 1582 consilium
506 1516 548 1582 sit
574 1517 616 1580 ad
643 1517 829 1602 desperatos
859 1518 1018 1602 accedere,

50 1624 119 1668 non
144 1604 271 1670 medius
293 1604 389 1670 fidius
410 1606 545 1690 reperio.
589 1603 676 1691 Hoc,
703 1605 789 1690 quod
815 1609 853 1671 tu
880 1626 949 1672 non
972 1605 1045 1670 (li-⁴

52 1693 158 1759 cendo
180 1693 262 1758 mihi
284 1693 487 1779 significasti,
519 1691 638 1760 Caesar
665 1693 811 1760 audierat
838 1715 889 1780 ac,
922 1695 1018 1760 simul

54 1784 154 1866 atque
176 1780 296 1866 „have“
318 1783 399 1847 rnihi
421 1781 511 1866 dixit,
534 1783 653 1868 statim,
676 1783 754 1868 quid
768 1783 806 1848 de
819 1786 853 1848 te
867 1783 1018 1868 audisset,

54 1869 223 2024 liplllll
240 1871 549 2024 latitatis
572 1871 886 2044 llalffldl
902 1873 1019 2024 pap,

55 2046 254 2112 manendum
285 2047 479 2113 commoveri
509 2009 629 2132 po'sses.
674 2045 727 2112 Mc
760 2069 868 2112 secum
899 2048 935 2112 in
960 2046 1019 2112 Hi·

56 2137 207 2218 spaniam
234 2136 335 2219 ducit3
366 2158 456 2220 nam,
487 2135 553 2200 nisi
578 2136 625 2200 ita
651 2133 787 2220 faceret,
813 2156 888 2220 ego,
915 2136 1018 2220 prius-

57 2244 156 2305 quam
179 2223 220 2288 ad
241 2225 356 2289 urbem
379 2225 571 2308 accederem,
592 2223 785 2309 ubicumque
804 2245 899 2308 esses,
922 2223 963 2288 ad
985 2227 1018 2288 te

56 2312 328 2394 percucurrissem
355 2315 388 2377 et
408 2313 472 2378 hoc
495 2335 515 2377 a
541 2315 574 2378 te
601 2333 754 2399 praesens
781 2311 1018 2377 contendissem

59 2403 323 2576 allinit}
338 2403 379 2566 „l
395 2399 1046 2576 {stlssltltmdlllnltlt⁰elttt⁶

58 2595 98 2641 no
119 2581 156 2642 te
179 2578 283 2642 sciens
310 2579 514 2663 prudensque
538 2600 576 2643 eo
600 2577 764 2663 demittas,
790 2577 875 2644 unde
899 2580 1020 2645 exitum

58 2665 149 2731 vides
171 2667 298 2731 nullum
321 2689 399 2732 esse.
427 2666 519 2742 Quod
534 2666 608 2732 site
622 2671 679 2731 aut
696 2688 791 2733 uoces
813 2668 1019 2752 optimatium

60 2759 265 2820 commovent
287 2757 345 2820 aut
365 2755 597 2822 nonnullorum
618 2755 787 2822 hominum
811 2756 1019 2822 insolentiam

60 2845 91 2906 et
111 2843 323 2909 iactationem
349 2849 432 2909 ferre
458 2865 527 2910 non
548 2847 655 2928 potes,
687 2845 789 2932 eligas
817 2865 932 2910 censeo
962 2844 1019 2910 ali·

60 2931 146 3014 quod
169 2931 324 3016 oppidum
345 2953 516 2998 racuuma
533 2932 628 3017 bello,
651 2932 727 2998 dum
749 2933 830 2999 haec
844 2933 1019 2998 decernun-

60 3020 126 3105 tur,
159 3041 240 3104 quae
272 3021 338 3084 iam
370 3025 465 3085 erunt
495 3021 651 3088 confecta.
698 3021 737 3087 Id
769 3022 797 3087 si
827 3021 955 3107 feceris,
987 3024 1020 3087 et

61 3127 119 3260 epo
144 3111 177 3261 tle
200 3109 363 3192 sapienter
383 3109 498 3174 fecisse
524 3110 673 3176 iudicabo
704 3113 738 3175 et
759 3107 929 3176 Gaesarem
950 3131 1019 3176 non

62 3217 79 3259 o
102 3218 145 3261 en
168 3217 211 3262 es.

31 3369 35 3372 ’
130 3387 182 3459 sp.
201 3395 226 3444 o.
245 3389 288 3458 n,
307 3395 330 3445 a.
363 3390 509 3446 caueam
527 3411 577 3457 -,·
600 3391 661 3448 aa.
680 3390 756 3460 (wa.
788 3389 814 3446 a.
833 3389 904 3449 na.
922 3389 1018 3464 vulgo.

67 3485 93 3500 ·-
112 3461 181 3530 quid
198 3461 329 3530 optimum
347 3461 394 3530 (M.
414 3461 450 3517 ad
468 3461 565 3531 aaa).
591 3463 664 3532 quod
681 3477 705 3517 o.
724 3459 836 3516 MRIB.
