2608 3972
264 239 523 296 EPISTOLARUM
540 243 590 296 AD
608 241 773 298 ATTICUM
791 245 811 298 I.
832 251 855 298 1.
1016 244 1038 308 3

90 385 216 450 uenerit.
248 381 358 470 Atque
380 385 460 450 haec
482 385 667 452 huiusmodi
681 391 771 470 sunt3
793 389 849 453 sed
865 392 928 473 est,
950 389 1064 473 quod·

92 471 198 537 abste
218 474 296 538 mihi
317 474 445 559 ignosci
466 475 630 558 pervelim.
663 473 835 560 Caecilius,
857 479 1036 543 avunculus
1160 521 1164 526 -

90 563 173 645 tuus,
192 583 210 625 a
229 561 263 626 P.
277 561 378 628 Vario
401 584 501 646 quum
523 585 643 650 magna
665 565 802 649 pecunia
823 565 1036 650 fraudaretur,

93 668 182 734 agere
202 651 305 734 coepit
327 672 401 715 oum
424 650 492 715 eius
515 651 614 717 fratre
637 649 677 716 Α.
696 651 832 718 Caninio
857 651 973 738 Satyro
996 654 1036 718 de

91 737 130 800 iis
150 738 250 822 rebus,
273 760 354 822 quas
377 761 451 804 eum
474 739 548 804 dolo
571 741 657 806 malo
679 742 851 826 mancupio
876 743 1035 826 accepisse

91 823 129 888 de
150 824 242 892 Vario
265 827 397 910 diceret3
423 849 490 892 una
511 829 655 914 agebant
676 830 774 893 ceteri
796 829 978 914 creditores,
1000 831 1036 894 in

91 913 198 996 quibus
219 919 289 980 crat
314 915 353 980 L.
374 914 527 980 Lucullus
555 920 588 982 et
613 917 648 982 P.
672 915 778 1002 Scipio
806 920 840 982 et
864 919 909 1002 is,
940 936 1037 1002 quem

88 1003 240 1084 putabant
261 1004 453 1088 magistrum
466 1004 546 1088 fore,
568 1005 596 1070 si
618 1006 706 1070 bona
723 1006 880 1090 venirent,
902 1005 938 1070 L.
951 1005 1036 1072 Pon-

88 1089 157 1154 tius.
190 1091 311 1156 Verum
333 1092 396 1157 hoc
418 1092 588 1158 ridiculum
611 1097 673 1177 est,
695 1093 734 1158 dc
756 1094 925 1179 magistro:
948 1115 1036 1158 nunc

89 1199 237 1263 cognosce
259 1201 337 1244 rem.
378 1178 521 1266 Rogavit
546 1203 597 1244 1110
621 1179 791 1265 Caecilius,
822 1185 860 1247 ut
891 1181 1036 1246 adessem

88 1271 194 1332 contra
224 1266 385 1352 Satyrum.
428 1267 507 1333 Dies
538 1269 605 1333 fere
637 1270 747 1334 nullus
778 1272 841 1354 est,
872 1271 951 1355 quin
982 1270 1036 1334 1110

86 1351 213 1439 Satyrus
236 1356 369 1422 domum
390 1377 496 1420 meam
517 1357 667 1441 ventitat,
690 1357 840 1422 observat
866 1357 902 1422 L.
924 1357 1034 1424 Domi-

84 1443 163 1510 tium
183 1445 330 1529 maxime,
352 1467 402 1510 me
424 1445 525 1512 habet
545 1446 743 1529 proximum3
764 1446 828 1510 fuit
845 1449 878 1512 et
900 1446 980 1512 mihi
1002 1450 1036 1512 et

84 1529 119 1606 Q.
140 1530 231 1597 fratri
258 1554 379 1619 magno
403 1534 475 1598 usui
501 1534 537 1598 in
559 1534 678 1599 uostris
701 1534 924 1617 petitionibus:
956 1556 1034 1598 sane

83 1641 153 1684 sum
182 1622 389 1705 perturbatus
417 1643 517 1706 quum
542 1622 644 1705 ipsius
673 1620 779 1706 Satyri
805 1623 1062 1705 familiaritates

81 1712 150 1774 tum
171 1709 323 1793 Domitii,
353 1711 389 1774 in
416 1731 479 1794 quo
507 1729 573 1775 uno
600 1711 737 1774 maxime
765 1711 899 1776 ambitio
921 1716 1035 1776 nostra

80 1797 203 1862 nititur.
238 1797 468 1863 Demonstravi
489 1799 569 1863 haee
593 1796 745 1881 Caecili03
773 1798 868 1864 simul
895 1799 1035 1864 utillud

81 1886 220 1970 ostendi,
243 1887 271 1950 si
293 1887 363 1970 ipse
386 1909 470 1952 unus
489 1907 562 1952 cum
585 1887 641 1952 illo
660 1907 726 1952 uno
740 1886 960 1970 contenderet,
983 1908 1034 1952 me

80 1973 109 2036 ei
131 1974 373 2039 satisfacturum
394 1975 508 2058 fuisse,
530 1996 617 2039 nunc
639 1975 674 2039 in
697 1996 794 2040 causa
812 1976 1035 2041 universorum

80 2062 283 2146 creditorum,
301 2063 470 2128 hominum
483 2064 673 2147 praesertim
687 2063 965 2147 amplissimorum,
979 2063 1036 2146 qui

80 2151 148 2214 sine
163 2173 210 2236 eo,
223 2173 319 2235 quem
334 2149 490 2216 Caecilius
505 2173 563 2217 suo
577 2152 708 2217 nomine
727 2151 918 2235 perhiberet,
939 2151 1034 2214 facile

80 2260 209 2304 oausam
223 2260 428 2304 communem
451 2240 656 2323 sustinerent,
679 2260 817 2323 aequum
831 2260 900 2304 esso
915 2260 989 2302 cum
1002 2242 1035 2302 et

81 2327 185 2393 officio
208 2349 282 2392 meo
306 2328 473 2393 consulere
496 2331 529 2392 et
554 2328 702 2412 tempori.
747 2326 867 2390 Durius
891 2326 1034 2410 accipere

78 2415 140 2480 hoc
163 2416 244 2480 mihi
266 2416 355 2480 visus
378 2419 436 2500 est,
459 2438 554 2500 quam
577 2417 692 2482 vellem
711 2418 744 2480 et
767 2436 863 2499 quam
885 2414 1034 2480 homines

80 2504 155 2568 belli
177 2505 297 2587 solent,
324 2507 358 2568 et
382 2507 497 2588 postea
523 2525 654 2588 prorsus
682 2504 723 2568 ab
750 2503 900 2568 instituta
921 2507 1035 2569 nostra

79 2613 254 2676 paucorum
277 2592 401 2656 dierum
423 2594 653 2658 consuetudine
680 2592 777 2678 longe
800 2591 928 2676 refugit.
964 2590 1034 2656 Abs

80 2684 111 2744 te
133 2685 223 2765 peto,
244 2683 283 2744 ut
304 2681 384 2745 milri
405 2680 469 2746 hoc
490 2681 640 2765 ignoscas
664 2684 696 2744 et
718 2701 769 2744 me
792 2679 953 2744 existimes
975 2680 1034 2744 hu-

82 2769 236 2833 manitate
259 2788 328 2832 esse
351 2768 558 2853 prohibitum,
580 2791 622 2834 ne
636 2771 750 2833 contra
764 2768 858 2832 amici
876 2790 1035 2833 summam

82 2856 350 2921 existimationem
383 2856 560 2922 miserrimo
593 2857 661 2922 eius
694 2858 845 2940 'tempore
883 2858 1035 2942 venirem,

83 2967 178 3028 quum
204 2945 233 3008 is
261 2945 371 3009 omnia
398 2966 456 3008 sua
487 2945 593 3008 studia
621 2948 653 3008 et
680 2943 786 3009 officia
812 2945 848 3008 in
876 2967 927 3010 me
960 2966 1034 3010 con-

83 3033 221 3115 tulisset3
244 3031 330 3116 quod
344 3032 372 3096 si
385 3034 474 3097 voles
487 3033 523 3097 in
536 3055 586 3097 me
602 3054 670 3097 esse
685 3033 802 3115 durior,
826 3033 1034 3098 ambitionem

83 3120 208 3204 putabis
227 3119 308 3184 mihi
326 3119 504 3204 obstitiss03
527 3142 587 3206 ogo
612 3124 719 3186 autem
737 3121 885 3204 arbitror,
907 3119 1035 3184 etiamsi

148 3363 200 3435 Ep.
221 3372 246 3430 1,
266 3371 290 3419 3.
322 3366 469 3434 mancupio
487 3367 594 3436 (margo
616 3366 675 3435 m).
694 3365 753 3420 Om.
772 3363 867 3432 Mna.
894 3364 1034 3432 mancipio

84 3453 117 3505 q.,
133 3435 164 3503 1,
182 3435 277 3505 vulgo.
297 3465 329 3474 ·-
349 3441 396 3502 est,
414 3437 603 3505 0010091000.-
621 3453 696 3490 acmo
710 3437 784 3504 (W.).
803 3439 842 3489 est
855 3435 887 3488 de
899 3451 934 3487 m.
950 3433 988 3486 N.
1003 3433 1034 3487 B.

85 3515 107 3560 4.
131 3522 164 3561 ae
181 3512 278 3560 contra
299 3505 443 3562 inclinatis
461 3509 538 3577 typis
556 3507 587 3561 B.
608 3507 668 3562 Om.
686 3507 760 3575 Ma,
784 3506 833 3560 sed
851 3501 958 3559 habent
975 3503 1035 3570 lu..

84 3577 146 3646 alb,
164 3593 200 3647 q.,
217 3577 260 3631 od.
281 3575 401 3632 Graevii.

787 3662 823 3715 1*
