2484 3974
201 215 459 272 EPISTOLARUM
475 215 526 270 Ao
545 205 712 288 ATTIOUM
729 215 763 270 X.
784 220 862 270 1-3.
895 209 907 216 ’
941 213 1005 278 347

510 430 553 498 Π.
611 463 616 472 .

60 553 113 609 Scr.
129 556 156 609 ln
173 554 281 609 Arcano
307 553 405 618 Quinti
427 549 522 608 fratris
540 551 630 608 Nonis
647 551 791 622 Aprilibus
814 567 839 606 a.
857 569 885 605 u.
904 563 927 605 o.
948 557 999 606 705

323 658 472 714 CICERO
489 657 640 714 ATTICO
658 657 741 714 SAL.

120 767 188 855 Ego
203 790 304 853 quum
318 767 512 853 accepissem
534 771 608 834 tuas
630 767 754 833 litteras
769 766 803 833 N
804 767 876 832 cuis
891 765 1008 851 Aprili·
1023 790 1031 828 1

59 857 126 942 bus,
156 879 237 942 quas
260 854 415 942 Cephalio
442 857 610 942 attulerat,
641 878 806 941 essemque
833 855 1009 920 Minturnis

59 947 203 1030 postridie
227 967 415 1030 mansurus,
446 948 483 1009 ut
504 944 579 1009 inde
601 945 764 1030 protinus,
796 943 936 1009 sustinui
958 965 1009 1007 me

58 1035 91 1099 in
104 1034 228 1101 Arcano
251 1034 373 1118 fratris,
393 1036 440 1118 ut,
462 1034 538 1098 dum
552 1033 673 1118 aliquid
692 1035 810 1098 certius
833 1033 1037 1117 afferretur,·

60 1124 224 1189 occultiore
238 1123 274 1188 in
287 1123 359 1188 loco
374 1144 515 1188 essemus
529 1125 763 1208 agerenturque
777 1122 880 1188 nihilo
894 1122 1010 1204 minus,

58 1234 134 1296 quae
156 1213 226 1278 sine
248 1211 344 1276 nobis
367 1211 421 1296 agi
442 1214 588 1295 possunt.
615 1211 814 1294 Λαλαγεῦσα
832 1211 897 1276 iam
920 1209 1011 1274 adest

60 1305 90 1364 et
111 1301 234 1366 animus
258 1300 357 1385 ardet,
379 1321 483 1383 neque
507 1302 557 1365 est
579 1300 769 1384 quidquam,
792 1321 854 1384 quo
878 1302 912 1364 et
933 1320 1010 1383 qua3

59 1388 112 1452 sed
132 1389 212 1454 haec
233 1392 347 1454 nostra
369 1387 432 1452 erit
453 1409 530 1454 cura
552 1391 585 1452 et
607 1390 797 1473 peritorum:
832 1391 870 1453 tu
892 1392 1037 1472 tamen,r

61 1477 160 1561 quoad
181 1477 313 1563 poteris,
335 1480 373 1543 ut
386 1476 491 1542 adhuc
508 1476 623 1561 fecisti,
645 1498 706 1542 nos
720 1476 862 1542 consiliis
876 1475 1010 1542 iuvabis.

58 1565 120 1632 Res
141 1569 217 1632 sunt
238 1565 492 1650 inexplicabilem
514 1565 665 1631 fortunae
683 1569 759 1631 sunt
781 1563 1011 1632 committenda

60 1652 174 1718 omnia:
207 1654 276 1718 sine
307 1675 362 1738 spe
386 1675 541 1720 conamur
563 1655 642 1738 ulla3
673 1653 787 1720 meiius
810 1654 838 1718 si
861 1653 936 1738 quid
960 1674 1010 1718 ac·

60 1743 175 1826 ciderit,
202 1742 399 1808 mirabimur.
444 1741 637 1828 Dionysium
658 1744 779 1809 nollem
801 1742 842 1807 ad
865 1765 916 1808 me
938 1762 1011 1827 pro·

60 1831 186 1896 fectum:
218 1830 258 1895 de
281 1852 345 1914 quo
369 1831 483 1896 adme
506 1830 613 1896 Tullia
635 1853 707 1897 mea
730 1831 871 1916 scripsit3
900 1831 1012 1896 sedet

61 1921 180 2003 tempus
212 1919 354 1984 alienum
386 1922 436 1986 est
465 1922 498 1984 et
523 1919 648 1986 homini
675 1942 742 1987 non
769 1919 872 1984 amico
899 1922 1012 1984 nostra

60 2007 266 2092 incommoda,
279 2010 373 2072 tanta
386 2007 584 2093 praesertim,
602 2007 785 2092 spectaculo
799 2028 869 2072 esse
882 2006 1012 2090 nollem,

62 2096 107 2160 cui
128 2100 161 2162 te
184 2117 255 2162 mco
279 2096 410 2162 nomine
432 2097 599 2164 inimicum
622 2117 691 2162 esse
713 2096 800 2161 nolo.

505 2291 564 2356 III.

121 2412 178 2468 Ser.
197 2413 227 2467 in
246 2415 355 2468 Arcano
374 2429 398 2468 a.
418 2413 443 2467 d.
463 2413 523 2467 Vll.
542 2411 608 2466 Idus
625 2393 738 2482 ¹Apriles
757 2427 782 2466 a.
800 2428 827 2465 u.
846 2426 870 2465 c.
890 2414 950 2464 ⁷05.

344 2517 474 2574 CICERO
492 2517 627 2574 ATTICO
647 2517 722 2574 SAL.

123 2625 242 2714 Quum,
277 2627 363 2712 quod
395 2628 579 2718 scriberem,
616 2628 714 2711 plane
746 2625 829 2690 nihil
860 2625 1013 2690 haberem

63 2711 135 2780 haec
158 2720 267 2781 autem
287 2716 411 2800 reliqua
431 2719 547 2799 essent,
570 2737 651 2800 quae
666 2715 746 2779 scire
761 2735 917 2799 cuperem,
939 2735 1013 2798 prc-

64 2800 201 2869 lectusnc
229 2809 327 2888 esset,
358 2823 421 2888 quo
451 2805 486 2868 in
509 2805 596 2869 statu
618 2803 730 2868 urbem
752 2802 947 2886 reliquisset,
977 2801 1013 2866 in

60 2889 127 2972 'ipss
148 2892 245 2958 Italia
272 2915 367 2978 quem
393 2893 507 2977 cuique
533 2891 659 2978 regioni
686 2893 743 2955 aut
768 2891 901 2976 negotio
923 2911 1013 2974 prae·

63 2977 199 3065 lecisset,
228 2982 320 3066 ecqui
342 2985 451 3046 essent
472 2981 513 3045 ad
535 2979 725 3062 Pompeium
747 2981 781 3044 et
802 2976 843 3042 ad
866 2978 1013 3043 consules

67 3089 102 3134 ex
114 3075 243 3148 senatos
257 3069 404 3136 consulto
418 3068 456 3132 de
470 3088 548 3152 pace
569 3067 681 3151 legati,
699 3085 798 3150 quum
814 3065 913 3148 igitur
933 3064 1012 3130 haec

69 3161 142 3226 scire
160 3180 317 3244 cuperem,
340 3156 446 3222 dedita
468 3177 564 3240 opera
586 3154 646 3218 has
666 3153 707 3218 ad
728 3157 761 3217 te
782 3153 907 3218 litteras
930 3152 1012 3217 misi.

130 3395 181 3466 Ep.
200 3403 226 3465 2,
246 3404 269 3451 1.
304 3402 336 3450 ut
353 3397 417 3452 iccle
430 3401 504 3466 prot.
523 3396 598 3466 (Ν).
627 3395 734 3463 stip.
753 3393 926 3464 M1‚vulgo.
954 3397 979 3448 et
996 3392 1014 3450 i.

69 3466 389 3538 om.M2,1a1eh‚‚0xx.
427 3474 452 3524 2.
470 3468 561 3538 quoad
575 3466 643 3534 (vl).
661 3466 734 3534 quod
747 3463 859 3520 MRIB.
878 3493 911 3506 -
931 3463 1016 3520 Dicas

67 3533 158 3592 collem
174 3537 249 3607 (W).
282 3538 319 3592 D.
338 3540 423 3594 colim
441 3539 533 3608 vulgo.
553 3567 586 3578 —
609 3553 649 3604 ap.
669 3551 723 3591 esse
740 3538 838 3591 collem
855 3535 1016 3603 (limaci).
