2608 3972
300 187 559 244 EPISTOLARUM
576 189 626 244 AD
644 183 810 246 Arrlonn
827 191 848 244 I.
869 197 911 246 16.
1040 189 1086 253 23

131 329 267 416 coderet,
297 353 380 418 quac
405 352 444 398 ex
474 337 605 399 senatus
634 336 781 400 consulto
808 334 988 419 ferebatur,
1016 353 1085 400 non

128 420 206 486 vidit
226 421 319 506 illud,
342 421 442 486 satus
465 443 535 487 csse
557 423 649 486 illum
670 423 706 486 in
727 423 863 487 infamia
884 422 1023 506 relinqui
1046 440 1084 486 ac

128 509 274 574 sordibus
298 529 396 593 quam
418 509 547 576 infirmo
568 510 686 575 iudicio
701 510 868 596 committi,
889 511 946 576 sed
969 509 1083 576 ductus

127 596 199 662 odio
228 597 417 682 properavit
446 617 515 662 rem
543 597 697 662 deducere
724 599 759 663 in
782 597 952 684 iudicium,
984 618 1084 682 quum

126 685 216 749 illum
238 685 392 769 plumbeo
415 685 524 770 gladio
551 686 734 771 iugulatum
755 687 796 750 iri
821 690 932 752 tamen
955 685 1084 750 diceret.

126 769 201 857 Sed,
231 773 387 838 iudicium
419 773 448 837 si
476 775 602 858 quaeris
634 775 728 858 quale
759 775 872 858 fuerit,
902 773 1111 839 incredibilis

127 862 228 945 oritur,
250 862 313 946 sic,
342 861 393 926 uti
415 879 502 926 nunc
523 883 564 926 ex
586 865 703 928 eventu
726 863 768 926 ab
791 862 876 947 allis,
904 885 923 926 a
944 883 996 926 me
1018 863 1084 927 iam

125 969 162 1014 ex
190 949 266 1034 ipso
297 950 393 1015 initio
423 951 594 1014 consilium
624 949 792 1039 Hortensii
821 949 1084 1034 reprehendatur.

124 1035 219 1120 Num,
241 1041 281 1102 ut
293 1038 424 1104 reiectio
437 1038 525 1103 facta
539 1042 589 1103 est
600 1039 795 1103 clamoribus
809 1038 966 1122 maximis,
985 1058 1085 1122 quum

124 1129 294 1191 mouentur
319 1129 487 1210 tamquam
514 1147 629 1190 censor
657 1127 762 1192 bonus
785 1125 934 1191 homines
956 1126 1085 1212 nequis·

124 1214 223 1279 simos
246 1213 408 1297 reiiceret,
430 1234 504 1279 mus
525 1218 693 1298 tamquam
716 1215 855 1279 clemens
877 1214 997 1279 lanista
1017 1213 1084 1278 fru-

123 1302 329 1387 gslissirnum
354 1319 512 1386 quemque
532 1307 722 1387 secerneret,
744 1305 782 1367 ut
803 1303 942 1388 primum
963 1302 1085 1367 iudices

124 1389 356 1474 consederunt,
387 1390 481 1455 valde
512 1390 656 1456 diffidere
687 1390 766 1456 boni
798 1393 985 1475 coeperunt,
1016 1411 1085 1455 non

124 1478 214 1544 enim
245 1499 400 1562 umquem
431 1479 558 1564 turpior
592 1479 628 1544 in
658 1477 735 1544 ludo
767 1479 883 1544 talario
916 1497 1086 1542 consessus

122 1565 199 1631 isit:
226 1567 385 1632 maculosi
409 1571 588 1651 senatores,
610 1567 690 1632 nudi
713 1567 849 1651 equites,
871 1566 995 1632 tribuni
1015 1585 1085 1630 nou

122 1658 191 1718 tam
205 1655 309 1718 aerati
323 1655 849 1740 quam,utappellantur,aera1ii;
867 1655 962 1738 pauci
975 1658 1086 1719 tamen

119 1739 202 1807 honi
224 1743 366 1827 inerunt,
388 1763 469 1826 quos
491 1744 665 1808 reiectione
687 1744 802 1829 lugere
824 1743 879 1808 ille
901 1760 969 1808 non
991 1747 1085 1828 potu·

123 1834 207 1914 erat,
235 1831 293 1914 qui
320 1832 435 1896 maesti
462 1831 548 1897 inber
574 1832 624 1897 sui
650 1831 821 1896 dissimiles
849 1835 882 1895 et
898 1834 1085 1895 'maerentes

123 1919 283 1983 sedebant
305 1923 339 1983 et
353 1921 548 2005 contagione
569 1920 781 2004 turpitudinis
795 1919 1002 1985 vehementer
1014 1939 1085 2003 per-

122 2007 349 2072 movebantor.
399 2007 481 2090 Hic,
514 2011 553 2072 ut
582 2029 728 2093 quaeque
759 2027 810 2072 res
842 2007 883 2072 ad
916 2007 1113 2072 consiliunt

122 2095 239 2179 primis
263 2095 539 2179 postulationibus
560 2097 775 2180 referebatur,
797 2094 993 2160 incredibilis
1012 2097 1086 2157 erat

125 2184 283 2248 severitas
305 2183 397 2248 nulla
419 2181 574 2248 verietate
604 2184 851 2249 sententiarum:
882 2182 965 2245 nihil
986 2181 1086 2264 impe·

124 2272 235 2336 hebet
257 2293 346 2355 rcus,
372 2272 445 2356 plus
473 2273 652 2337 accusatori
679 2271 831 2355 dabatur,
857 2290 953 2354 quam
975 2273 1085 2354 postu·

120 2358 227 2443 labet3
240 2359 464 2443 triumphabat
477 2393 520 2406 -
535 2361 611 2445 quid
623 2357 772 2444 quaeris?
786 2387 829 2406 ⁶-
843 2356 1037 2422 Hortensius
1051 2378 1086 2421 se

123 2446 243 2512 vidisse
266 2451 409 2530 tantum,
431 2467 526 2512 nemo
547 2452 631 2531 erat,
654 2448 709 2532 qui
730 2447 822 2513 iilum
844 2465 935 2510 reum
957 2465 996 2510 ue
1018 2463 1087 2510 non

124 2536 230 2600 milies
266 2535 516 2601 condemnatum
548 2536 767 2600 arbitraretur.
811 2529 864 2600 Me
896 2553 972 2598 vero
1002 2535 1086 2598 testo

123 2623 285 2708 producto
318 2623 413 2688 credo
443 2627 475 2688 te
503 2645 543 2688 cx
570 2623 802 2688 acclamatione
824 2621 929 2686 Clodii
952 2621 1086 2686 advoca·

124 2715 234 2778 torum
258 2706 386 2776 audisse
409 2731 490 2796 quae
516 2712 735 2776 consurrectio
761 2710 903 2776 iudicum
924 2709 1012 2774 facta
1035 2710 1087 2793 sit,

125 2804 239 2864 utine
263 2799 551 2884 circumsteterint,
582 2803 620 2863 ut
651 2801 761 2883 aperte
792 2799 905 2884 iugula
936 2819 995 2862 sua
1026 2817 1086 2881 pro

125 2906 198 2964 meo
226 2888 333 2972 capite
359 2886 396 2952 P.
423 2884 537 2953 Olodio
570 2887 777 2952 ostentarint:
814 2904 897 2970 quae
926 2886 1007 2950 mihi
1033 2903 1086 2949 res

125 2976 230 3040 multo
252 2975 520 3041 honorificentior
541 2975 611 3039 vise
633 2979 683 3040 est
701 2995 797 3059 quam
821 2978 878 3040 eut
899 2973 964 3058 iila,
986 2993 1086 3056 quum

125 3065 233 3129 iurare
256 3063 307 3128 tari
330 3064 415 3128 cives
436 3060 652 3130 Xenocratem
678 3064 900 3128 testimonium
926 3062 1086 3124 dicentem

125 3152 378 3237 prohibuerunt,
401 3155 457 3216 aut
484 3172 583 3235 quum
608 3151 738 3216 tabulas
765 3149 888 3216 Metelli
914 3147 1086 3231 Numidici,

127 3262 226 3325 quum
241 3259 308 3324 eae,
321 3243 359 3304 ut
372 3260 443 3305 mos
457 3242 516 3324 est,
538 3238 826 3321 circumferrentur,
848 3235 952 3300 nostri
965 3235 1086 3300 iudices

127 3329 271 3414 aspicere
284 3327 474 3412 noluerunt,
496 3324 599 3394 multo
621 3327 715 3411 haee,
737 3327 878 3408 inquam,
900 3326 1012 3388 nostre
1034 3345 1086 3388 res

127 3417 239 3482 maior.
285 3415 400 3500 Itaque
426 3415 568 3480 iudicum
598 3415 744 3498 vocibus,
771 3431 869 3496 quum
892 3431 952 3494 ego
976 3411 1021 3476 sic
1044 3411 1113 3474 abo

127 3503 176 3590 iis,
197 3509 236 3570 ut
257 3505 348 3570 salus
371 3505 505 3589 patriae,
527 3503 723 3585 defenderer,
745 3499 867 3563 fractus
887 3519 960 3568 reue
975 3503 1086 3561 etune
