2594 3976
219 221 285 286 562
505 220 542 274 Μ.
562 219 685 274 TULLII
703 217 894 276 CICERONIS

220 387 317 451 quam
340 387 361 429 a
381 368 414 430 te
437 364 614 431 constituta
636 367 687 428 est
700 401 742 412 -
756 363 910 428 beneficia
933 365 1041 428 autem
1064 366 1187 428 nostra

219 455 304 520 tueri
327 453 467 518 solemus
489 489 547 538 —,
572 457 683 518 tamen
710 453 806 518 velim
832 455 995 536 receptam
1023 450 1059 516 in
1081 450 1187 517 fidem

219 548 311 608 tuam
325 564 344 607 a
357 563 471 627 meque
486 541 583 606 etiam
599 545 696 626 atque
718 541 816 606 etiam
838 540 898 605 tibi
920 538 1187 608 commendatam

221 631 413 696 auctoritate
436 634 469 695 et
492 629 610 696 auxilio
640 633 697 694 tuo
723 633 843 694 tectam
864 629 944 694 velis
967 647 1047 694 esse.
1093 626 1186 694 Saus

221 720 283 785 erit
312 719 349 784 in
378 722 571 804 perpetuum
601 717 781 784 Buthrotiis
813 717 964 803 praesidii
996 737 1186 802 magnaque

221 830 299 873 cura
321 811 355 873 et
373 807 588 873 sollicitudine
601 805 747 871 Atticum
769 808 802 871 et
823 827 875 870 me
896 805 1054 889 liberaris,
1076 806 1104 870 si
1117 805 1187 870 hoc

220 897 354 963 honoris
376 895 441 960 mai
467 916 565 960 causa
591 895 782 980 susceperis,
808 897 846 959 ut
872 915 927 959 eos
955 915 1126 978 sempera
1150 898 1187 958 te

221 985 371 1050 defensos
393 983 486 1049 velis:
509 983 596 1068 quod
618 986 655 1050 ut
674 983 786 1068 facias,
806 985 839 1047 te
861 981 1069 1048 vehementer
1083 981 1186 1048 etiam

221 1077 318 1159 atque
341 1073 440 1138 etiam
461 1069 570 1158 rogo.“

194 1182 208 1222 ο
287 1161 349 1228 His
370 1161 488 1227 litteris
510 1161 638 1245 scriptis
660 1179 712 1226 me
734 1159 776 1228 ad
798 1154 970 1236 συντάξεις
992 1157 1077 1243 dedi,
1098 1181 1185 1243 quae
1283 1151 1284 1192 ³

222 1251 352 1336 quidem
373 1271 487 1316 vereor
508 1271 550 1314 ne
573 1249 707 1314 miniata
721 1248 829 1314 cerula
850 1251 908 1314 tua
929 1246 1078 1330 pluribus
1101 1247 1185 1313 locis

221 1339 385 1405 notandae
408 1339 487 1404 sint:
509 1339 557 1404 ita
574 1359 646 1403 sum
668 1334 831 1422 μετέωρος
852 1339 885 1401 et
906 1335 1036 1420 magnis
1059 1337 1185 1422 cogita-
1283 1329 1284 1380 i

221 1429 365 1495 tionibus
387 1426 570 1513 impeditus.

650 1667 652 1672 ,
664 1619 737 1685 XV.

276 1739 333 1797 Sor.
352 1741 382 1796 in
400 1742 469 1796 villa
488 1741 524 1796 ad
542 1737 693 1830 licerinum
710 1739 805 1794 Idibus
823 1739 911 1795 Iuniis
930 1756 955 1795 a
974 1755 1001 1794 n
1021 1753 1046 1794 o.
1067 1745 1127 1795 710.

495 1845 644 1904 olomeo
661 1843 812 1901 ATTICO
829 1844 913 1902 SAL.

194 1975 208 2018 ι
288 1955 324 2024 L.
337 1956 484 2023 Antonio
506 1957 590 2021 male
612 1955 667 2020 sit!
691 1954 860 2040 siquidem
878 1953 1060 2020 Buthrotiis
1082 1955 1181 2020 mole·

223 2050 293 2112 stus
320 2049 383 2112 est:
415 2067 476 2132 ego
501 2044 724 2110 testimonium
746 2043 925 2128 composui,
952 2043 1053 2128 quod,
1080 2065 1180 2128 quum

222 2137 325 2221 voles,
356 2134 591 2220 obsignabitur.
638 2131 799 2197 Nummos
829 2131 1053 2216 Arpinatium,
1085 2132 1115 2196 si
1145 2131 1181 2196 L.

221 2222 341 2289 Fadius
368 2223 479 2288 aedilis
505 2225 607 2308 petet,
637 2221 690 2286 vel
716 2241 827 2285 omnes
853 2219 988 2286 reddito.
1036 2219 1113 2306 Ego
1140 2219 1181 2284 ad
1282 2301 1283 2304 Ἴ

221 2316 254 2377 te
278 2312 342 2376 alia
364 2312 501 2396 epistola
524 2309 636 2394 scripsi
650 2307 764 2374 deHS.
780 2325 841 2394 cn,
864 2329 946 2392 quae
961 2306 1066 2374 Statio
1089 2329 1181 2374 oura-
1282 2309 1283 2346 ³

222 2404 346 2483 rentur3
369 2400 397 2465 si
419 2417 498 2484 ergo
519 2402 609 2484 petet
630 2396 760 2481 Fadius,
782 2397 813 2462 ei
834 2397 909 2464 volo
932 2397 1031 2481 reddi,
1052 2401 1182 2482 praeter

221 2487 359 2552 Fadium
381 2489 512 2552 nemini.
538 2486 637 2570 Apud
649 2507 702 2550 me
714 2486 793 2550 item
815 2489 895 2570 puto
919 2484 1101 2570 depositum
1116 2487 1135 2526 ⁸
1148 2486 1181 2550 *τ

194 2577 255 2640 rid
278 2575 392 2658 scripsi
415 2576 456 2640 ad
478 2575 612 2641 Erotem
634 2577 672 2638 ut
692 2573 847 2639 redderet.
874 2573 1034 2660 Reginam
1058 2573 1125 2640 odi:
1147 2575 1181 2638 id

222 2685 273 2729 me
295 2663 364 2728 iure
386 2662 492 2728 facere
514 2663 593 2743 †sit
615 2683 754 2748 sponsor
774 2663 1007 2748 promissorum
1020 2662 1090 2727 eius
1104 2661 1181 2727 Am-

223 2753 363 2837 monius,
394 2772 476 2836 qnae
499 2752 629 2836 quidem
655 2754 749 2816 erant
770 2747 934 2834 φιλόλογα
956 2755 989 2815 et
1012 2750 1181 2838 dignitatis

222 2863 326 2928 meae,
356 2844 394 2906 ut
420 2841 472 2906 vel
497 2840 532 2904 in
559 2840 716 2906 concione
742 2839 846 2905 dicere
873 2839 1032 2904 auderem.
1079 2837 1181 2906 Saran

223 2934 340 3014 autem,
353 2932 578 3014 praeterquam
590 2929 676 3012 quod
690 2928 850 2994 nefarium
858 2927 1023 2993 hominem
1033 2928 1182 3014 cognovi,

222 3018 450 3104 praeteream
477 3039 528 3082 me
551 3019 788 3082 contumacem:
821 3017 919 3081 semel
947 3035 1021 3081 eum
1049 3018 1181 3082 omnino

222 3106 310 3172 domi
332 3126 423 3171 meae
436 3105 515 3191 ridi3
538 3126 637 3190 quum
650 3100 865 3191 φιλοφρόνως
879 3125 917 3170 ex
931 3123 969 3171 eo
987 3125 1181 3190 quaererem,

292 3279 343 3348 Ep.
365 3285 406 3348 14,
425 3286 450 3334 3.
469 3280 681 3335 σοοοοοοοιλολοοο
698 3297 724 3335 ο.
745 3279 820 3348 (W.).
839 3296 872 3347 a,
890 3297 915 3338 ο.
934 3279 1029 3351 vulgo.
1065 3278 1118 3351 up.
1140 3285 1181 3347 ιο,

225 3353 248 3400 1,
267 3349 327 3416 dep.
346 3352 404 3402 **.·
421 3351 452 3404 td
471 3350 509 3418 (1.,
525 3351 577 3418 W,
592 3351 642 3418 Β.).
665 3349 778 3404 Excidit
791 3349 851 3406 HS.
867 3367 932 3406 cunr
950 3366 1065 3406 numero
1086 3350 1181 3419 aliquo

225 3415 273 3482 (1.).
309 3423 334 3471 2.
357 3418 445 3484 faeere
462 3423 480 3484 †
498 3421 535 3474 ait
552 3436 666 3488 οφοοοοο
685 3420 781 3489 (Mn).
810 3421 925 3487 fitestis
942 3423 980 3476 ait
998 3420 1056 3489 (vel
1074 3422 1123 3489 est)
1141 3437 1180 3490 sp.

224 3483 279 3548 (W.
294 3488 378 3567 nnnc)
396 3489 479 3554 ants.
493 3491 544 3544 scit
560 3506 601 3558 ep.
621 3490 676 3558 (W.
691 3491 767 3561 olim,
781 3491 833 3561 Β.).
851 3493 873 3558 s.
891 3494 950 3546 soit.
970 3491 1018 3560 Sp,
1037 3491 1068 3560 1.,
1086 3491 1180 3563 vulgo.

225 3578 258 3590 -
276 3553 408 3609 homiaem
425 3573 511 3626 coya,
524 3576 570 3627 pr.
589 3560 706 3630 (vulgo).
723 3561 759 3628 la,
777 3577 800 3616 c.
813 3579 860 3632 pr.
881 3563 1000 3632 (Mosen,
1017 3561 1080 3630 Β.)λ
