2522 3960
190 259 451 318 uersuonnnou
468 261 519 318 Au
538 261 704 318 arricum
721 262 755 316 v.
776 269 853 317 1-3.
938 261 1000 330 157

15 465 16 468 ,
64 425 126 468 nem
145 427 257 488 parum
280 409 410 490 gratiam
432 407 603 490 quisquam
624 409 718 491 putot
740 410 797 474 aut
817 429 886 472 non
905 408 941 476 in
963 429 1002 478 eo

15 557 16 560 ,
64 493 122 575 ipso
140 493 351 578 laudandum,
382 495 468 578 quod
489 495 615 561 laudari
636 517 705 562 non
726 493 903 564 laborarit?
940 492 1030 566 Sede

15 607 16 610 ¹
64 581 142 645 redeo
167 581 209 648 ad
237 581 328 647 illud
372 581 450 648 Noli
480 587 595 667 putare
626 583 706 652 mihi
725 585 830 650 aliam
857 584 1002 652 consoler

63 669 169 734 tionem
198 690 269 734 esse
299 670 396 736 huius
427 671 571 756 ingentis
602 671 783 755 melantiae,
809 671 884 740 nisi
917 671 1003 759 quod

63 778 141 839 spere
162 779 230 822 nou
251 758 433 844 longiorem
456 781 568 828 mua
587 759 670 827 iere:
692 760 756 826 bec
778 781 829 826 ms
851 761 898 828 ita
920 761 1002 829 velle

15 899 16 928 ,
63 845 141 909 multi
169 867 238 912 non
270 847 405 912 credunt
436 869 476 912 ex
507 848 741 914 consuetudine
771 848 923 930 aliorum
957 851 1007 932 tu,

64 933 195 1018 quaeis,
219 956 347 999 omnem
370 936 571 1022 diligentiam
586 937 762 1020 adhibebis,
784 939 855 1000 tum
873 936 1003 1019 scilicet,

63 1041 146 1102 quum
166 1023 199 1086 id
223 1023 278 1108 agi
300 1023 438 1088 debebit
483 1023 588 1100 Quum
612 1047 651 1088 ex
672 1024 773 1109 Epiro
795 1023 942 1107 redieris,
964 1023 1003 1087 de

63 1110 233 1193 republica
255 1111 377 1176 scribas
400 1112 441 1176 ad
464 1113 647 1197 mavelim,
670 1114 698 1178 si
721 1112 798 1196 quid
821 1112 895 1196 erit,
917 1111 1003 1196 quod

63 1196 195 1281 odorere3
217 1199 363 1264 nondum
377 1201 464 1264 enim
479 1201 557 1264 satis
579 1201 644 1265 huc
667 1203 738 1265 erat
755 1201 903 1284 allatum,
925 1221 1003 1284 quo-

63 1285 143 1356 modo
165 1285 287 1356 Caesar
307 1287 408 1354 ferret
430 1288 469 1356 de
492 1289 683 1360 auctoritate
705 1289 900 1374 perscripta,
921 1290 1003 1352 erat-

62 1393 113 1455 quc
135 1397 246 1440 rumor
273 1376 312 1439 de
334 1375 589 1461 Transpadanis,
621 1399 676 1445 eos
703 1379 808 1448 iussos
834 1395 895 1441 1111.
917 1376 1003 1440 viros

15 1551 16 1556 γ
61 1481 168 1633 ‹Kleqaruiei
196 1463 284 1616 quold
306 1463 334 1528 si
355 1463 403 1565 ita
425 1468 487 1565 cst,
514 1487 651 1550 magnos
674 1469 781 1530 motus
803 1465 917 1549 timeo;
948 1463 1004 1529 sed

190 1573 230 1616 ex
280 1573 406 1636 empere
430 1574 538 1618 emam.

500 1781 559 1848 III.

115 1855 167 1956 Ser.
186 1901 219 1961 ia
236 1901 395 1964 Trebulano
414 1919 440 1960 a.
459 1903 486 1958 d.
504 1903 537 1958 V.
557 1903 623 1966 Ictus
640 1903 731 1964 Maias
749 1919 774 1962 a,
793 1920 820 1963 a
839 1919 862 1958 e.
883 1907 943 1962 703.

337 2007 466 2064 CICERO
484 2008 618 2064 ATTICO
637 2008 713 2067 SAL
849 2029 850 2032 ’

118 2113 157 2180 Α.
183 2115 214 2182 d.
240 2135 285 2181 VI.
312 2115 390 2182 Idus
416 2117 519 2184 Maias
550 2117 626 2182 veni
656 2118 692 2182 in
719 2116 939 2190 Trebulanum
965 2115 1034 2179 ach

63 2199 217 2269 Pontium:
239 2205 287 2269 ibi
308 2206 389 2270 mihi
410 2209 486 2271 tuae
508 2208 636 2273 litterae
657 2205 753 2274 binae
773 2204 916 2272 redditae
931 2207 1009 2267 sunt
1143 2271 1145 2278 ,

63 2292 146 2360 tertie
170 2293 229 2373 abs
250 2297 283 2358 te
307 2294 371 2378 die3
394 2296 507 2360 eodem
528 2299 637 2360 autem
655 2293 764 2358 exiens
778 2314 796 2356 e
809 2291 1007 2375 Pompeiano

63 2375 225 2446 Philotimo
253 2382 402 2447 dederam
430 2384 471 2447 ad
500 2387 534 2448 te
561 2385 699 2468 litterae,
729 2401 791 2449 neo
816 2399 892 2446 vero
919 2399 1008 2444 nunc

64 2472 122 2532 erat
156 2490 249 2555 sane,
286 2471 372 2556 quod
404 2472 585 2537 scriberem.
638 2470 701 2547 Qui
736 2471 776 2534 de
807 2491 842 2534 re
878 2469 1008 2553 publica

64 2575 209 2641 numeres,
232 2559 351 2644 scribe,
372 2581 504 2648 quaeso,
530 2561 566 2625 in
589 2559 715 2648 oppidis
738 2560 825 2627 enim
848 2579 1008 2628 summum

65 2643 143 2710 rideo
166 2647 326 2732 timorem,
349 2648 404 2713 sed
418 2650 521 2714 multa
533 2650 656 2715 inania:
679 2647 757 2734 quid
771 2647 809 2720 de
822 2645 862 2712 iis
886 2647 1008 2732 cogites

66 2735 88 2796 ct
107 2735 252 2819 quando,
284 2737 364 2800 seire
391 2737 497 2802 velim.
542 2736 595 2802 Ad
618 2758 697 2820 quas
724 2737 852 2800 litteras
877 2735 937 2798 tibi
959 2756 1035 2798 rea

66 2823 149 2887 scribi
169 2824 265 2908 velis,
291 2824 414 2909 nescio,
444 2826 551 2890 nullas
579 2826 665 2889 enim
692 2824 797 2888 adhuc
823 2843 1009 2907 acceperam

65 2915 284 2996 praetorquete
311 2913 392 2988 mihi
419 2913 514 2983 binae
543 2913 639 2981 simul
664 2913 700 2976 in
728 2912 911 2976 Trebulano
938 2910 1008 2974 red-

67 2995 138 3064 ditae
160 3004 247 3085 eunt,
270 3023 405 3084 quarum
429 3003 548 3076 alterae
572 3002 712 3073 edictum
725 2999 760 3066 P.
773 2998 890 3070 Licinii
911 2997 1008 3065 habe·

66 3082 133 3155 bant
153 3125 197 3136 -
221 3094 316 3156 erant
337 3093 446 3160 autem
459 3089 564 3156 Nouis
578 3087 673 3159 Maiis
696 3089 791 3174 datae
813 3123 866 3171 -,
889 3086 1008 3158 alterae

67 3178 225 3262 rescriptae
247 3178 290 3243 ad
313 3199 401 3242 meas
422 3177 680 3243 Minturnenscsr
701 3199 798 3262 quam
819 3194 945 3255 vereor,
966 3193 1008 3237 nc

68 3267 128 3345 quid
148 3266 250 3330 fuerit
272 3263 535 3355 σπουδαιότερον
556 3267 667 3350 iniis,
699 3287 779 3350 quas
801 3283 869 3328 non
891 3262 1009 3349 accepi,

120 3461 145 3514 a
167 3465 214 3524 ‚a
227 3465 254 3514 a.
273 3459 387 3514 ausas
405 3458 454 3529 (a,
467 3459 487 3516 1.
501 3476 529 3514 ο.
547 3459 594 3528 a).
613 3444 712 3513 auem
723 3430 816 3526 arai,
834 3457 866 3513 a.
901 3462 926 3510 e.
946 3456 1009 3512 oca

68 3537 109 3586 tere
130 3479 254 3600 (brein).
285 3547 398 3598 operare
416 3531 453 3585 ll.
477 3532 585 3600 (margo
608 3531 709 3598 opere),
733 3527 802 3583 011.
834 3543 941 3597 operere
957 3527 1008 3586 RI.

69 3603 193 3670 beateae
211 3607 261 3672 a2,
279 3618 312 3671 c.,
329 3601 361 3655 Β.
397 3601 494 3672 ΕΜ»,
515 3608 538 3656 1.
562 3601 595 3656 dc
611 3600 649 3654 tn
667 3599 731 3669 (Pa).
749 3599 783 3654 da
799 3599 844 3654 bie
860 3597 954 3672 v-ulge.
