2608 3972
241 199 285 264 68
525 201 562 255 M.
581 199 704 255 TULLII
722 198 911 256 CICERONIS

238 343 416 408 Muluiana:
452 345 555 409 nescit
591 347 724 412 omnino
759 350 793 412 te
830 370 1033 414 communem
1065 371 1201 416 causam

237 432 408 497 defendere
440 455 566 517 eorum,
603 436 658 519 qui
690 457 786 520 agros
817 436 963 520 publicos
995 438 1200 523 possideant3

239 521 295 585 sed
317 523 427 586 tamen
449 525 485 586 tu
504 522 624 606 aliquid
646 524 827 608 publicanis
849 525 987 632 pendis,
994 527 1074 590 haec
1097 527 1201 592 etiam

238 609 272 673 1d
284 612 420 674 recusa
397 609 497 675 tEa
519 611 580 675 tibi
601 612 703 696 igitur
725 607 1200 701 11Κικέρων,ἀριστοκρατι-

237 692 385 775 1115111ος
405 708 490 783 παῖς,
513 701 649 765 salutem
672 701 791 765 dicunt.

672 859 761 925 XVI.

301 977 357 1034 Ser.
377 980 406 1034 in
424 979 573 1068 Formiano
592 980 707 1040 ineunte
724 997 820 1070 mense
839 981 914 1036 Maio
933 997 958 1036 a.
977 1001 1004 1036 u.
1023 999 1046 1036 c.
1066 987 1126 1037 695.

527 1086 654 1144 CICERO
673 1085 806 1142 ATTICO
826 1086 901 1142 SAL.

211 1209 224 1248 ι
305 1192 448 1260 Coenato
471 1196 552 1260 mihi
575 1197 639 1261 et
629 1219 694 1260 mm
708 1195 896 1261 dormitanti
919 1196 1021 1280 pridie
1036 1195 1075 1259 K.
1089 1194 1196 1260 Maias

238 1280 376 1365 epistola
399 1286 449 1347 est
470 1283 527 1346 illa
548 1284 727 1368 reddita,
717 1305 753 1348 1n
776 1284 901 1368 quade
925 1305 1003 1371 agro
1027 1281 1195 1368 Campano

238 1369 364 1434 scribis:
396 1371 473 1455 quid
501 1372 649 1455 quaeris?
685 1373 789 1456 primo
816 1373 863 1436 ita
892 1393 944 1437 me
974 1373 1126 1458 pupugit,
1158 1376 1196 1436 ut

238 1480 387 1523 somnum
410 1459 490 1523 mihi
512 1459 680 1542 ademerit,
713 1460 768 1524 sed
800 1461 833 1524 id
866 1462 1061 1546 cogitatione
1088 1461 1195 1545 magis

238 1569 336 1630 quam
358 1548 519 1631 molestia3
541 1511 699 1634 cogitanti
722 1551 830 1612 autem
851 1548 932 1613 haec
949 1549 1016 1613 fere
1031 1569 1194 1613 succurre-

238 1634 330 1698 bant:
366 1636 507 1718 primum
543 1657 581 1700 ex
612 1659 664 1720 eo,
701 1637 787 1721 quod
824 1637 1040 1721 superioribus
1075 1637 1194 1701 litteris

238 1723 431 1806 scripseras,
456 1745 494 1788 ex
524 1725 677 1789 familiari
704 1729 737 1789 te
763 1726 850 1789 illius
877 1724 1004 1790 audisse
1030 1725 1193 1809 prolatum

237 1811 277 1875 iri
304 1811 439 1895 aliquid,
469 1813 555 1896 quod
581 1834 677 1878 nemo
704 1814 910 1897 improbaret,
941 1813 1044 1877 maius
1071 1813 1193 1896 aliquid

236 1900 416 1984 timueram,
437 1901 500 1965 hoc
522 1901 602 1965 mihi
616 1897 772 1966 eiusmodi
785 1923 853 1966 non
865 1901 1047 1984 videbatur3
1069 1900 1194 1984 deinde,
1298 1899 1299 1951 i

236 1992 275 2052 ut
301 2010 352 2052 me
379 1992 508 2073 egomet
539 1989 698 2072 consoler,
730 1990 835 2054 omnis
867 1990 1063 2074 exspectatio
1095 1989 1192 2073 largi-

237 2077 335 2142 tionis
368 2078 513 2162 agrariae
540 2078 576 2141 in
601 2098 717 2162 agrum
740 2076 940 2162 Campanum
970 2076 1096 2142 videtur
1122 2098 1193 2141 esse

238 2164 390 2249 derivata,
413 2166 468 2249 qui
482 2187 568 2252 ager,
590 2170 627 2231 nt
641 2167 724 2230 dena
740 2166 853 2249 iugera
867 2166 941 2249 sint,
963 2186 1031 2230 non
1054 2165 1192 2247 amplius
1297 2171 1298 2234 I

236 2253 405 2318 hominum
432 2255 572 2338 quinque
604 2254 693 2319 milia
723 2256 832 2338 potest
863 2254 1034 2337 sustinere,
1068 2253 1193 2336 reliqua
1296 2327 1297 2346 ἦ

237 2342 342 2406 omnis
373 2342 546 2406 multitudo
579 2343 620 2407 ab
651 2343 715 2406 illis
747 2341 947 2406 abalienetur
971 2361 1101 2405 necesse
1129 2344 1192 2424 est,

171 2448 174 2454 ·
236 2431 416 2511 praeterea,
447 2430 475 2492 si
501 2430 568 2493 ulla
594 2451 645 2494 res
669 2434 731 2513 est,
763 2450 844 2514 quae
871 2430 1031 2494 bonorum
1057 2429 1192 2512 animos,

237 2536 318 2598 quos
341 2516 406 2578 iam
428 2516 520 2580 video
544 2538 613 2581 esse
636 2480 831 2603 comrirotos3
836 2513 1065 2582 vehementius
1087 2481 1193 2601 possit²

236 2603 415 2686 incendere,
437 2603 517 2668 haec
531 2608 616 2669 certe
630 2609 688 2690 est,
666 2607 744 2668 t
711 2626 795 2670 eo
809 2569 922 2691 inagis,
940 2606 1026 2690 quod
1039 2606 1192 2689 portoriis

236 2689 350 2754 Italiae
370 2655 515 2777 suirlatis,
537 2713 616 2779 agro
630 2657 796 2778 Cainpano
820 2693 921 2759 diviso
945 2693 1031 2778 quod
1053 2694 1192 2778 vectigal

238 2782 383 2863 superest
405 2743 615 2844 domesticum
636 2785 765 2865 praeter
786 2781 985 2865 vicesimam,
1007 2802 1088 2866 quae
1111 2781 1193 2846 mihi

191 2885 193 2890 ’
237 2867 364 2931 videtur
405 2890 471 2932 una
511 2871 722 2934 conciuncula
766 2871 905 2935 elamore
944 2869 1193 2972 pedisequorum

213 2959 424 3020 *nostrorum
456 2977 525 3020 esse
555 2957 719 3041 peritura?
760 2955 903 3059 Gnaeus
910 2940 1067 3041 quidem
1072 2957 1157 3060 riost
1158 2979 1193 3022 er

237 3043 302 3108 iam
324 3045 420 3128 plane
443 3043 520 3128 quid
542 3046 664 3131 cogitet
685 3045 807 3110 nascio:
873 3075 907 3116 ·,
1141 3113 1143 3124 ¹

347 3167 438 3275 propi
455 3162 525 3275 γὰρ
548 3161 590 3232 οὗ
612 3180 800 3276 σμικροῖσιν
822 3135 991 3245 aditorum
1013 3169 1075 3250 ἔτι,
1112 3133 1115 3138 i

347 3249 419 3319 ἀλλ’
445 3247 575 3340 ἀγρίαις
597 3253 737 3338 φύσαισι
759 3251 961 3342 φορρείας”
940 3275 1031 3341 uteo·

112 3367 117 3376 ⁴
238 3379 445 3462 quiquidem
472 3380 569 3444 etiam
596 3380 679 3444 istuc
703 3381 816 3445 adduci
843 3380 992 3464 potuerit
1028 3377 1113 3443 Nam
1137 3378 1194 3443 ad·
1293 3401 1294 3406 ¹

308 3531 360 3602 up,
374 3539 415 3603 11,
425 3541 449 3588 1.
468 3537 540 3590 aaut
553 3537 639 3592 111111·
648 3537 715 3606 (up
733 3537 752 3590 1.
767 3535 842 3591 meu
855 3535 897 3590 cu.
911 3535 1001 3590 rua
1020 3535 1193 3590 1111111111.
