2574 3966
218 212 476 270 EPISTOLARUM
494 215 543 272 AD
562 215 726 272 ATTIOUM
747 216 795 270 XI.
816 221 927 270 19—21.
987 215 1052 280 407

92 361 262 441 acceptum
289 358 355 422 iam
383 359 574 444 abieceram,
605 361 689 425 lecta
721 360 788 424 cius
815 359 953 444 epistola
983 381 1054 444 gra-

91 447 262 510 vissimum
294 447 378 530 cepi:
415 451 466 532 tu,
502 448 563 512 etsi
594 469 662 514 non
692 449 828 532 potuisti
859 450 926 514 ullo
958 449 1054 514 modo

92 535 212 619 facere,
233 538 270 599 ui
291 535 373 599 mihi
386 535 476 600 iilam
490 537 659 619 epistolam
681 558 749 601 non
771 537 923 621 mitteres,
945 541 1056 601 tamen

91 623 227 686 mallem
249 644 318 689 non
331 645 400 689 esse
414 625 554 689 missam.
582 624 633 690 Ad
655 628 824 708 sanctem,
846 646 928 708 quae
942 625 1055 689 scribis

94 711 139 774 de
155 715 357 795 testamento,
379 712 600 796 videbis,'quid
616 715 648 776 et
663 713 839 796 quomodo:
863 712 901 776 de
914 714 1055 777 nummis

93 803 132 863 at
155 800 208 864 illa
231 799 277 865 sic
301 801 441 885 scripsit,
469 803 505 864 ut
528 821 589 886 ego
613 800 653 865 ad
676 806 709 865 te
733 805 841 886 antea,
874 804 907 865 et
928 820 988 865 nos
996 851 1004 884 ‚
1028 803 1056 866 si

95 888 176 970 quid
199 911 280 973 opus
304 889 377 972 erit,
399 893 527 953 utemur
549 911 588 952 ex
611 910 663 973 eo,
690 890 729 954 de
752 912 816 974 quo
840 889 961 954 scribis
997 888 1083 953 Illea

95 976 143 1039 ad
164 977 234 1042 Kal.
250 975 337 1061 Sept.
351 976 490 1041 Athenis
512 996 581 1042 non
603 978 730 1042 videtur
751 978 834 1043 fore:
858 979 961 1042 muita
984 998 1057 1041 eum

95 1064 135 1128 in
148 1064 226 1130 Asia
250 1065 400 1130 dicuntur
422 1066 552 1150 morari,
573 1066 710 1131 maxime
732 1064 925 1132 Pharnaces.
957 1064 1056 1150 Iregio

95 1171 166 1237 xm,
188 1153 341 1237 adquam
362 1154 501 1237 primam
515 1153 605 1219 Sulla
618 1155 715 1236 venit,
737 1155 898 1239 lapidibus
918 1154 1058 1238 †egisse

95 1242 262 1306 hominem
296 1242 425 1325 dicitur;
457 1242 580 1308 nullam
606 1247 727 1328 putant
752 1251 791 1308 se'
817 1247 1058 1308 commoturam.

97 1329 196 1394 Illum
210 1331 453 1396 arbitrabantur
473 1332 622 1416 protinus
636 1331 742 1396 Patris
764 1333 799 1396 in
816 1330 971 1414 Siciliam3
994 1330 1059 1413 sed,

98 1418 129 1481 si
150 1418 212 1484 hoo
234 1419 282 1483 ita
305 1423 363 1503 ast,
384 1419 448 1484 huc
471 1421 581 1484 veniat
602 1441 732 1486 necesse
755 1424 813 1485 est.
857 1420 907 1485 Ac
929 1420 1060 1484 mallem

98 1507 194 1591 illim,
217 1508 326 1592 aliquo
350 1509 436 1574 enirn
458 1508 554 1572 modo
576 1508 653 1574 hinc
676 1509 862 1574 evasissem:
885 1529 972 1572 nune
995 1529 1059 1571 me
1119 1553 1121 1556 .

98 1601 165 1681 tuo,
188 1618 230 1660 nc
254 1597 297 1660 sit
319 1597 569 1680 exspectandum
592 1601 624 1661 ct
638 1619 710 1662 cum
723 1598 855 1682 reliquis
877 1598 975 1661 etiam
997 1596 1060 1661 loci

98 1685 244 1768 gravitas
280 1685 355 1749 huic
390 1685 587 1750 miserrimae
622 1685 822 1769 perferenda.
878 1684 971 1761 Quod
1006 1705 1085 1749 mea

99 1795 223 1857 mones,
245 1777 283 1837 nt
297 1795 344 1858 ea,
367 1795 448 1858 quae
472 1774 588 1857 loquor,
611 1773 652 1838 ad
672 1779 799 1859 tempus
814 1774 1061 1857 accommodem,

100 1861 249 1945 facerem,
272 1862 300 1926 si
321 1884 372 1926 res
394 1866 559 1946 pateretur
573 1866 606 1926 et
619 1863 646 1926 si
659 1864 726 1928 ullo
741 1863 836 1928 modo
850 1863 920 1928 fieri
942 1865 1061 1946 posset,

100 1951 156 2014 sed
184 1951 220 2014 in
246 1951 347 2015 tantis
376 1951 496 2016 nostris
522 1950 663 2034 peccatis
689 1952 853 2035 tantisque
876 1955 1061 2016 nostrorum

100 2037 228 2102 iniuriis
259 2039 341 2104 nihil
373 2043 435 2122 est,
467 2039 552 2123 quod
585 2043 641 2102 aut
672 2039 777 2104 facere
804 2039 940 2124 dignum
965 2037 1061 2102 nobis

101 2131 158 2192 aui
187 2129 336 2192 simulare
363 2128 493 2212 possim.
548 2125 681 2192 Sullana
708 2126 848 2209 confers,
878 2127 914 2189 in
945 2125 1061 2210 quibus

101 2217 213 2280 omnia
236 2236 352 2301 genere
375 2218 446 2299 ipso
469 2214 725 2299 praeclarissima
747 2215 894 2297 fuerunt,
917 2213 1061 2278 modera-

103 2306 192 2370 tione
215 2306 324 2389 paullo
347 2304 454 2370 minus
467 2308 660 2388 temperata3
682 2304 762 2368 haec
782 2306 890 2368 autem
905 2301 1063 2366 eiusmodi

103 2397 189 2478 sunt,
211 2396 249 2456 ut
262 2393 433 2458 obliviscar
446 2393 507 2458 mei
528 2394 693 2477 multoque
710 2393 829 2474 malim,
851 2391 937 2476 quod
960 2390 1062 2456 omni*

104 2484 164 2548 bus
189 2482 232 2546 sit
253 2482 376 2566 melius,
398 2501 493 2563 quom
516 2503 652 2566 quorum
674 2481 813 2547 utilitate
836 2502 941 2545 meam
963 2480 1061 2544 iunxi.

104 2571 154 2636 Tu
182 2571 223 2634 ad
250 2591 301 2634 mc
327 2574 439 2634 tamen
465 2570 561 2634 velim
591 2592 687 2653 quam
720 2570 904 2654 saepissime
933 2569 1063 2652 scribas,

103 2681 206 2744 eoque
236 2659 354 2743 magis,
386 2657 472 2741 quod
498 2661 665 2741 praeterea
691 2680 786 2724 nemo
815 2657 926 2722 scribit
953 2679 1003 2740 ac,
1035 2658 1063 2722 si

104 2769 230 2830 omnes,
266 2751 340 2812 tuas
375 2750 485 2810 tamen
521 2746 658 2810 maxime
690 2750 915 2831 exspectarem.
969 2745 1063 2820 Quod

104 2836 219 2902 scribis
241 2835 332 2900 illum
346 2856 403 2918 per
415 2855 465 2900 me
480 2831 600 2909 Quinto
619 2834 688 2900 fore
711 2835 928 2918 placatiorem,
950 2834 1063 2918 scripsi

176 3063 227 3133 Ep.
247 3069 290 3128 21,
312 3068 334 3116 1.
353 3075 429 3131 orob.
450 3061 542 3129 occepi
559 3059 649 3129 (iim
667 3077 708 3130 or.
723 3062 800 3128 coepi
817 3059 912 3114 Wurz.
930 3091 966 3100 -
983 3065 1062 3115 testa·

106 3143 205 3192 rasator
223 3153 248 3191 o.
264 3137 311 3206 (W
313 3138 350 3204 .)?
378 3143 402 3193 2.
422 3137 440 3200 †
458 3137 541 3207 coisse
559 3138 614 3206 (Or.
631 3139 677 3204 II.)
696 3137 726 3190 Β.
741 3135 800 3191 sine
817 3137 844 3200 †.
862 3138 978 3207 eceyisse
997 3137 1062 3206 (W.)

108 3212 156 3263 aui
173 3209 279 3266 eieoirm
298 3207 365 3277 (Or.)
383 3209 434 3262 aut
451 3223 465 3261 e
482 3208 582 3262 castris
599 3225 637 3276 ey.
658 3209 732 3276 (W.).
765 3213 789 3260 3.
808 3225 852 3274 co,
872 3225 941 3276 onoc
959 3209 1067 3278 loquor,

108 3281 144 3334 ool
162 3280 237 3348 (W.).
257 3295 288 3333 eo
301 3295 371 3348 quae
389 3279 426 3333 od
443 3278 481 3332 Μ.
495 3279 597 3344 Wma,
617 3281 641 3350 β.
661 3294 694 3332 ca
711 3279 749 3331 od
767 3278 799 3332 R.
818 3294 851 3332 eo
863 3278 977 3344 videam,
995 3301 1065 3354 qm

108 3351 144 3404 ad
161 3351 182 3404 Ι.
202 3366 370 3418 momenque
387 3349 425 3403 od
442 3349 522 3403 Koch
539 3349 620 3418 conj„
639 3347 669 3402 B.
686 3379 718 3386 —
732 3349 837 3417 onelios,
855 3366 937 3418 qaam
950 3366 1065 3418 quomam

108 3420 241 3490 (Madvig.
260 3419 352 3490 Ado).
375 3437 423 3487 aa,
446 3435 562 3488 qaorum
579 3418 673 3488 vulgo.
694 3450 726 3458 -
745 3419 866 3474 utilitate
885 3436 971 3474 meam
989 3421 1036 3488 (W
1038 3422 1063 3488 .).

107 3493 253 3615 utilitato&
274 3507 333 3545 eam
350 3489 444 3545 Wura.
475 3491 622 3545 utilitatem
643 3506 728 3544 onom
755 3489 914 3562 Malana.
947 3490 1065 3545 utilitati

107 3579 141 3617 a.
160 3564 205 3632 (a,
250 3563 267 3632 ·)
