2536 3960
263 179 330 246 210
551 180 589 238 Μ.
608 179 731 238 TULLII
749 179 939 236 CICERONIS

264 345 433 412 arrogans,
460 318 690 408 ἀκοινώνητον
713 325 833 408 aliquid
856 361 899 372 -—
922 324 983 389 tibi
999 327 1106 391 antem
1126 323 1205 388 valde

264 414 347 478 solet
367 413 403 476 in
426 433 481 478 ore
503 434 586 497 ease,

636 501 775 567 Granius
796 505 905 566 autem

307 611 375 655 non
399 591 605 656 contemnere
628 611 662 654 ae
686 593 719 654 et
740 609 833 675 reges
856 589 962 654 odisee
985 589 1137 674 superbos
1158 611 1205 650 -ι

262 712 298 779 in
321 735 384 797 quo
408 717 518 778 temen
540 713 595 778 ifle
622 713 702 777 mihi
729 713 830 778 risum
853 713 956 798 magia
985 735 1082 797 quam
1105 716 1206 778 atoma·

263 802 359 867 ehnm
382 823 511 867 movere
535 803 630 885 solet3
653 801 709 866 aed
732 802 829 886 plane
851 823 966 885 parum
990 803 1123 887 cogitat,
1143 799 1206 885 quid

109 957 113 963 ,
236 891 384 955 ascribat
415 892 472 955 aut
503 889 544 954 ad
568 911 679 974 quem.
726 887 763 966 Q.
795 887 906 954 Cicero
944 911 1025 974 puer
1056 891 1147 976 legit,
1178 892 1207 952 ut

263 980 387 1063 opinor,
410 981 443 1042 et
466 981 560 1063 certe,
583 978 753 1062 epistolam
775 978 965 1062 inseriptem
987 979 1074 1063 patri
1097 999 1151 1043 suo
1173 1012 1205 1024 —

263 1068 346 1132 solet
368 1067 455 1132 enim
477 1066 615 1152 aperire,
645 1065 740 1151 idque
764 1065 803 1131 de
826 1087 898 1131 meo
922 1066 1072 1151 oonsilio,
1095 1064 1206 1150 siquid

261 1157 346 1220 forte
370 1157 421 1240 sit,
444 1154 530 1242 quod
553 1177 634 1244 opus
657 1155 701 1218 eit
722 1154 796 1219 seiri
819 1179 877 1239 -3
905 1155 941 1218 in
963 1175 1002 1219 ea
1024 1159 1133 1220 autem
1154 1153 1206 1255 epi·

263 1245 346 1309 stola
369 1246 439 1308 erat
459 1242 540 1308 illud
562 1244 648 1308 idem
671 1243 710 1308 de
733 1265 853 1329 sorore,
875 1242 960 1328 qnod
984 1243 1025 1307 ad
1048 1266 1113 1309 me:
1135 1243 1205 1308 min·

261 1332 319 1396 fiee
352 1331 581 1396 conturbatum
612 1331 678 1397 vidi
710 1353 861 1416 puerum3
891 1331 1064 1397 lacrimans
1097 1351 1206 1397 meeum

262 1423 311 1484 est
333 1423 478 1504 questus:
511 1419 588 1504 qnid
615 1419 764 1504 quaeris?
792 1420 907 1484 miram
933 1420 968 1485 in
991 1441 1029 1486 eo
1057 1421 1206 1506 pietaten,

262 1508 453 1573 suavitatem
475 1507 774 1592 humanitatemque
795 1508 957 1593 perspexi,
980 1530 1043 1594 qno
1066 1509 1206 1574 maiorem
1257 1529 1258 1572 3

262 1618 353 1680 apem
374 1595 479 1661 habeo
502 1596 585 1661 nihil
607 1597 676 1662 fore
700 1597 802 1681 aliter,
825 1615 863 1662 ao
877 1596 996 1662 deoeat.
1021 1595 1061 1662 Id
1074 1597 1130 1662 te‘
1156 1598 1207 1660 'tur

236 1685 343 1749 ⁹seire
365 1684 461 1751 volni.
506 1683 556 1750 Ne
579 1685 658 1750 illud
682 1684 812 1770 quidem
838 1685 1106 1770 praetermittam:
1167 1705 1207 1748 or·

260 1773 385 1838 tensius
407 1773 493 1838 filius
515 1773 580 1838 fuit
601 1772 779 1839 Laodiceae
803 1773 1036 1859 gladiatoribus
1058 1773 1206 1860 flagitioso

244 1907 245 1910 ,
261 1865 294 1926 et
306 1861 454 1946 tuipiter.
481 1859 579 1928 Hune
593 1883 653 1948 ego
668 1863 770 1946 petiis
784 1883 882 1927 eausa
895 1862 1007 1928 vooavi
1021 1860 1062 1927 ad
1077 1883 1207 1944 coenam,

261 1972 324 2035 quo
353 1950 404 2015 die
431 1949 533 2036 venit,
560 1954 594 2016 et
620 1951 762 2016 eiusdem
789 1951 892 2038 patria
920 1971 1016 2017 eausa
1043 1951 1127 2016 nihil
1152 1971 1207 2014 an·
1256 2023 1257 2026 Ἴ

260 2039 354 2124 plius.
399 2037 433 2106 Ia
455 2038 536 2104 mihi
559 2039 641 2104 dixit
662 2061 695 2104 se
716 2039 855 2105 Athenis
878 2061 929 2105 me
952 2042 1208 2125 exspectaturum,
1256 2037 1257 2056 l

260 2131 298 2192 nt
319 2149 445 2193 meeum
468 2126 642 2193 decederet.
686 2125 832 2213 ‚,Reete,“
857 2129 1003 2213 inquam3
1033 2128 1111 2213 quid
1133 2128 1209 2192 enin

261 2216 421 2282 dicerem?
444 2215 584 2282 Omnino
607 2218 686 2300 puto
709 2216 792 2281 nihil
814 2238 895 2301 ease,
917 2217 1003 2301 quod
1026 2216 1120 2301 dixit3
1141 2216 1208 2281 nolo

261 2305 399 2389 quidem,
421 2327 463 2370 ne
478 2304 638 2370 offendam
661 2308 795 2390 patrem,
817 2326 913 2389 quem
935 2305 1116 2372 meharonle
1137 2303 1208 2370 mul-

259 2397 330 2458 tum
352 2393 466 2478 diligo:
493 2393 544 2458 ain
565 2392 666 2457 fuerit
687 2413 777 2459 meua
804 2414 925 2477 eomes,
951 2393 1141 2460 moderabor
1161 2393 1210 2476 ita,
1255 2473 1256 2478 ἵ

221 2492 247 2534 ¹⁰
260 2501 301 2544 ne
325 2480 402 2564 quid
425 2502 497 2545 eum
521 2480 695 2565 offendam,
725 2502 820 2565 quem
842 2482 974 2546 minime
1000 2483 1085 2548 volo.
1128 2479 1210 2546 Haeo
1255 2485 1256 2526 ἒ

261 2570 351 2651 annt;
375 2567 472 2632 etiam
494 2568 586 2634 illud:
617 2569 796 2635 orationem
818 2569 855 2647 Q.
878 2568 998 2636 Celeris
1020 2569 1101 2635 mihi
1122 2569 1211 2634 velim

261 2656 371 2722 mittas
399 2659 513 2722 eontra
538 2656 582 2721 M.
605 2655 786 2723 Servilium.
830 2657 970 2724 Litteras
997 2659 1090 2724 mitte
1122 2679 1210 2742 quan

260 2744 413 2830 primum3
436 2745 464 2810 si
476 2744 567 2831 nihil,
579 2745 661 2812 nihil
673 2745 743 2810 fieri
765 2747 817 2811 vel
830 2750 993 2832 partuum
1005 2747 1211 2813 tabellarium.

260 2833 360 2900 Piliae
383 2836 417 2900 et
437 2833 522 2899 filiae
545 2834 690 2900 salutem.
736 2797 835 2920 tura,
857 2838 894 2901 ut
916 2836 1033 2902 valeas.

261 3098 319 3156 Sor.
337 3097 420 3154 'l'arai
437 3096 511 3152 inter
528 3095 625 3152 Nonae
644 2993 787 3153 lnniaIytt
804 3097 837 3152 V.
853 3097 915 3154 Kal.
930 3097 1040 3165 Quinet.
1050 3115 1075 3153 a.
1086 3116 1147 3154 ne.
1158 3104 1211 3156 tol.

552 3199 687 3258 eloneo·
701 3201 835 3259 ATTICO
854 3203 930 3260 SAL.

234 3325 247 3368 ι
327 3311 465 3377 Tarsum
491 3311 637 3378 venimus
663 3309 769 3378 Nonis
794 3309 906 3377 Iuniis.
951 3311 1002 3378 Ibi
1032 3333 1085 3378 me
1116 3315 1212 3380 multa

259 3403 443 3466 moverunt:
457 3420 613 3486 magnum
625 3400 662 3464 in
675 3398 768 3484 Syria
781 3400 911 3486 bellum,
924 3421 1044 3487 magna
1056 3401 1093 3466 in
1107 3399 1212 3469 Cilicia
1253 3463 1254 3470 ,

331 3519 383 3591 Ep.
401 3525 427 3589 l,
447 3526 471 3576 1.
489 3521 552 3576 oeni
569 3519 619 3591 (0.,
637 3519 697 3591 lla,
715 3519 734 3577 l
752 3537 782 3576 o:
799 3520 858 3592 Z.)?
