2522 3960
257 271 321 338 128
543 273 581 328 n.
600 271 934 332 russusreasonrs

254 419 385 486 nomine
408 419 522 505 scripsi
545 417 586 483 ad
607 417 832 503 Philotimum,
862 440 904 485 ne
931 422 1110 506 appellaret
1131 421 1217 488 Mes·

227 531 241 570 a
255 509 378 573 sellam.
404 507 535 572 Itineris
548 507 652 573 nostri
671 508 793 572 famam
807 509 849 573 ad
866 511 899 573 te
912 511 1097 594 pervenisse
1110 511 1218 576 laetor

253 597 421 683 magisque
434 596 588 680 laetabor,
602 596 630 660 si
643 597 768 680 reliqua
781 597 941 682 cognoris.
959 596 1110 664 Filiolam
1122 603 1215 664 tuam

253 686 314 750 tibi
335 685 357 765 ’s
379 685 445 750 iam
467 683 590 750 Romae
613 685 786 758 iucundam
808 705 878 750 esse
900 687 1040 772 gaudeo,
1070 709 1217 774 samque,

254 794 351 859 quam
377 795 554 858 numquam
577 773 656 857 vidi,
682 777 793 838 tamen
820 777 853 838 et
879 793 952 839 amo
980 779 1014 839 et
1042 775 1215 841 amabilem

254 885 323 928 esse
346 865 434 928 serto
462 863 537 926 soio.
582 859 692 926 Etiam
715 865 811 946 atque
835 863 932 927 stiam
954 865 1034 929 vale.

227 968 239 1012 o
320 951 370 1017 De
384 950 525 1015 Patrone
549 953 582 1014 et
603 950 669 1014 tuis
685 951 921 1036 eondiscipulis,
944 973 1026 1036 quae
1049 951 1088 1017 de
1110 954 1216 1038 parie-

253 1041 331 1105 tinis
353 1040 390 1104 in
411 1039 528 1104 militia
548 1039 704 1124 laboravi,
726 1060 764 1104 ea
786 1039 847 1104 tibi
870 1043 965 1126 grata
985 1061 1055 1106 esse
1078 1037 1214 1126 gaudeo.

254 1127 347 1206 Quod
370 1128 497 1211 soribis,
523 1127 643 1192 libente
665 1131 699 1192 te
721 1129 884 1212 repulsam
905 1130 1019 1194 tulisse
1041 1151 1130 1215 eum,
1161 1131 1214 1214 qui

254 1237 328 1282 oum
341 1215 461 1282 sororis
483 1219 559 1280 tuae
577 1216 636 1280 filii
658 1219 775 1301 patruo
795 1219 943 1301 uerterat,
964 1218 1214 1304 magniamoris

254 1307 398 1390 signum:
420 1305 529 1388 itaque
552 1325 604 1370 me
627 1305 725 1370 etiam
740 1305 943 1390 admonuisti,
966 1309 1003 1370 ut
1026 1305 1213 1392 gauderem

253 1415 330 1458 nam
357 1392 437 1456 mihi
463 1393 499 1456 in
525 1395 667 1456 mentem
693 1414 762 1458 non
788 1397 929 1458 uenerat
973 1391 1069 1479 „Non
1092 1394 1213 1482 ersdo,“

253 1481 370 1566 inquis.
414 1479 461 1546 Ut
486 1480 579 1566 libet,
612 1481 667 1546 sed
698 1482 795 1566 plane
823 1483 963 1568 pudeo,
992 1484 1148 1567 qnoniam
1176 1478 1211 1547 τὸ

253 1569 397 1652 νεμεσᾶν
418 1570 554 1634 interest
574 1568 637 1635 τοῦ
659 1575 815 1653 φθονεῖν.

700 1763 772 1830 XX.

255 1885 312 1954 flor.
334 1885 365 1942 in
387 1884 487 1943 Cilicia
507 1883 568 1940 XII.
590 1883 653 1940 Kal.
676 1885 821 1942 Ianuarias
840 1889 874 1956 (ς.
900 1892 988 1942 8-10
1009 1882 1043 1944 V.
1067 1883 1130 1945 Kal.
1153 1887 1209 1942 Ian.

509 1955 641 2027 paullove
663 1959 739 2027 post)
758 1973 782 2013 a
805 1976 831 2013 u.
851 1975 874 2012 o.
894 1963 953 2012 703.

545 2060 674 2117 CICERO
688 2061 822 2120 ΑΤΤΙΟΟ
838 2063 913 2118 SAL.

229 2191 240 2230 ι
321 2169 547 2238 Saturnalibus
570 2192 665 2236 mane
693 2192 727 2236 se
753 2171 834 2235 mihi
860 2170 1097 2237 Pindenissitae
1126 2173 1209 2238 dedi-

255 2262 384 2347 derunt,
416 2261 553 2346 septimo
586 2262 619 2325 et
649 2259 915 2346 quinquagesimo
943 2260 1008 2345 die,
1039 2264 1208 2346 postquam

255 2370 443 2434 oppugnare
467 2371 522 2414 eos
545 2347 717 2431 coepimus.
761 2347 855 2434 „quq
886 2350 1022 2414 malum!
1058 2350 1115 2414 isti
1136 2349 1208 2414 Pin·

255 2438 436 2520 denissitae,
459 2437 514 2520 qui
538 2434 654 2500 sunt?“
675 2436 814 2520 inquies:
836 2459 975 2521 „nomen
988 2438 1097 2502 audiri
1119 2460 1208 2502 num·

185 2525 192 2534 “
253 2525 378 2610 quam.“
427 2524 511 2600 Quid
544 2545 605 2610 ego
640 2523 784 2589 iaoiam‘l
822 2546 902 2592 num
938 2527 1030 2610 potui
1066 2524 1208 2592 Ciliciam

254 2612 417 2678 Aetoliam
444 2617 501 2678 aut
527 2612 751 2678 Macedoniam
777 2613 932 2679 reddere?
966 2613 1039 2680 Hoo
1069 2615 1137 2680 iarn
1165 2616 1208 2680 sio

254 2701 383 2785 habeto,
405 2722 465 2766 neo
486 2701 551 2766 hoo
563 2701 704 2766 exercitu
726 2722 780 2766 ooo
801 2702 854 2766 hio
876 2705 971 2768 lanta
992 2704 1125 2788 negotia
1143 2703 1207 2789 geri

255 2791 412 2875 potuiss03
439 2811 520 2874 quae
544 2811 702 2876 cognosce
725 2788 763 2854 ἐν
786 2789 935 2877 ἐπιτομῇ,
958 2791 1004 2856 sie
1026 2792 1114 2856 enim
1137 2813 1206 2858 eon·

255 2878 340 2944 aedis
363 2878 443 2944 mihi
466 2879 620 2963 proximis
643 2878 768 2944 litteris.
812 2878 979 2964 Ephesum
1000 2883 1038 2945 nt
1060 2881 1205 2963 venerim

254 2967 352 3051 nosti,
374 2967 430 3052 qui
453 2967 550 3032 etiam
571 2967 652 3032 mihi
675 2967 857 3052 gratulatus
879 2989 913 3033 es
935 2967 1023 3034 illius
1045 2969 1109 3034 diei
1132 2969 1206 3034 oele

249 3060 411 3144 irritatam,
427 3080 491 3144 qua
499 3058 582 3123 nihil
595 3079 646 3122 me
654 3079 807 3142 umquam
818 3056 987 3123 delectavit
995 3058 1109 3142 magis.
1130 3055 1206 3124 Inde

249 3151 285 3214 in
300 3148 426 3233 oppidis
441 3148 491 3232 iis,
504 3167 585 3232 quae
599 3149 691 3212 erant
703 3147 738 3210 in
752 3146 874 3230 itinere,
887 3146 1078 3238 mirabiliter
1087 3145 1207 3232 aeoepli

319 3337 372 3408 Ep.
389 3343 433 3406 19,
449 3342 475 3392 2.
494 3333 547 3390 titi
558 3335 616 3389 iam
628 3335 697 3389 mire
713 3335 767 3389 iseo.
786 3334 863 3403 (m.)?
890 3341 915 3390 3.
932 3336 966 3390 in
978 3336 1081 3390 militia
1094 3336 1205 3406 (vulgo).

249 3411 288 3464 irs.
301 3409 402 3464 Melita
419 3407 449 3462 B.
465 3421 498 3460 er
513 3403 648 3460 Gassendi
662 3405 733 3460 oon'.
749 3436 782 3444 —
796 3406 906 3472 senta,
924 3405 942 3460 l.
957 3406 1031 3474 (W.).
1045 3421 1066 3460 s.
1081 3407 1100 3460 l.
1115 3407 1164 3462 vul
1199 3448 1205 3460 .

252 3480 300 3548 Ep.
324 3484 372 3552 20,
398 3485 422 3534 l.
457 3477 614 3553 gratulatus
635 3476 673 3553 ais
744 3477 780 3544 .)?
803 3505 837 3515 -
861 3476 935 3531 Inde
956 3478 988 3530 in
1006 3478 1117 3546 oppidis
1134 3421 1199 3555 (lidi

247 3563 290 3615 An
307 3559 334 3612 1.
350 3559 385 3613 ab
402 3572 426 3613 o.
443 3558 531 3626 (Ἦν
553 3557 626 3612 Inde
647 3571 671 3614 ο.
693 3558 789 3626 vulgo.
808 3587 841 3596 -
859 3571 930 3626 quoe
952 3563 1031 3613 eruut
1047 3559 1080 3614 in
1097 3560 1202 3624 maere,

245 3625 344 3686 mireo.
364 3625 435 3693 (W.;
453 3624 486 3679 B.
506 3624 579 3693 conj.
597 3640 622 3693 q.
640 3625 673 3678 io
689 3623 720 3682 it.
739 3629 781 3693 a).
1189 3667 1205 3705 ,

1226 3922 1233 3957 l
