2582 3980
233 243 300 310 604
363 283 365 288 -
515 239 553 296 n.
573 235 696 294 TULLII
715 233 906 291 CICERONIS

234 389 321 455 dedi:
344 387 495 473 probavit
517 405 656 488 causam,
677 383 842 467 rescripsit
857 379 968 482 Attico
991 401 1092 481 aequa
1114 400 1186 443 eum

208 469 1188 643 ,1111611111111111111111

236 658 458 722 conservatam
481 656 625 737 cuperet,
656 649 825 736 pecuniam
851 646 1037 712 numeravit
1062 645 1102 710 de
1124 665 1190 708 suc.

236 743 328 822 Quod
358 765 457 829 quum
489 745 575 807 esset
604 741 740 822 factum,
772 737 909 802 adiimus
941 736 982 800 ad
1014 732 1192 815 Gaesarem,

236 834 334 900 verba
365 833 499 898 fecimus
530 852 589 915 pro
621 827 818 911 Buthrotiis,
849 825 1110 890 liberalissimum
1141 821 1192 885 de-

237 926 360 988 cretum
389 921 594 1003 abstulimus,
625 916 711 1001 quod
743 919 792 980 est
823 915 1033 999 obsignatum
1060 911 1101 976 ab
1129 931 1192 974 am-

237 1009 389 1095 plissimis
411 1009 497 1074 viris.
524 1007 613 1084 Quae
627 1027 728 1090 quum
741 1006 850 1068 essent
870 1006 953 1088 acta,
975 1000 1087 1066 mirari
1109 999 1192 1084 equi-
1269 1025 1270 1088 ᾗ

238 1101 310 1166 dem
346 1099 490 1165 solebam
524 1097 594 1182 pati
625 1093 795 1160 Gaesarem
826 1092 998 1158 convenire
1035 1111 1105 1172 eos,
1141 1087 1193 1170 qui
1269 1093 1270 1156 i

238 1179 1109 1361 11111111111111111113311
1119 1179 1193 1352 111

162 1397 165 1403 ¹
239 1365 391 1450 eumillo
413 1366 541 1430 loeutus
564 1384 649 1446 sum,
671 1364 705 1426 61
728 1360 854 1444 saepius
878 1358 1016 1442 quidem,
1037 1360 1077 1422 ut
1099 1359 1193 1422 etiarn

240 1475 406 1520 accusarer
429 1454 531 1538 abeo,
554 1451 640 1537 quod
662 1471 777 1535 parum
797 1447 998 1512 constantiae
1022 1467 1100 1511 suae
1123 1467 1193 1512 con·

218 1545 384 1632 fiderem,
416 1545 449 1607 et
474 1540 518 1606 M.
545 1539 715 1606 Messallae
743 1541 776 1602 et
803 1536 868 1621 ipsi
894 1536 1004 1600 Attico
1035 1535 1131 1621 dixit,
1160 1541 1194 1600 ut

241 1632 310 1696 sine
333 1653 410 1696 cura
432 1634 553 1716 essent,
583 1632 755 1714 aperteque
778 1624 969 1691 ostendebat
991 1645 1025 1690 se
1047 1645 1195 1709 praesen·

239 1720 322 1784 tium
345 1720 470 1784 animos
493 1755 535 1766 -
559 1717 737 1782 eratenim
763 1713 942 1802 popularis,
973 1717 1011 1780 111
1033 1736 1133 1781 noras
1156 1754 1193 1763 —

242 1808 402 1874 offendere
425 1809 520 1890 nolle,
544 1828 642 1891 quum
661 1809 769 1870 61116111
782 1825 870 1868 mare
883 1804 1088 1890 transissent,
1110 1827 1194 1871 cura·

214 1902 350 1962 cturum
373 1918 421 1982 se,
447 1900 484 1961 111
505 1896 540 1960 in
563 1895 662 1960 alium
686 1913 800 1978 agrum
823 1892 1065 1959 deducerentur.
1110 1893 1194 1960 Haec

241 1987 299 2053 illo
321 1986 409 2070 viv03
431 1988 507 2070 post
519 1984 686 2048 interitum
700 1985 809 2048 autem
823 1979 978 2065 Caesaris,
995 1986 1038 2048 ut
1059 1985 1194 2068 primum

242 2096 281 2140 ex
304 2079 435 2140 senatus
457 2073 606 2138 consulto
629 2093 743 2136 causas
765 2071 913 2135 eonsules
935 2091 1130 2156 cognoscere
1152 2073 1194 2136 in·

243 2163 433 2247 stituerunt,
452 2162 546 2245 haec,
568 2180 650 2245 quae
674 2158 921 2244 suprascripsi,
951 2160 991 2224 ad
1015 2181 1070 2226 eos
1094 2162 1195 2227 delata
1268 2195 1269 2242 3

243 2255 332 2318 sunt:
354 2252 574 2337 probaverunt
596 2269 726 2314 causam
749 2247 907 2312 6111611116
930 2247 1132 2315 dubitatione
1153 2273 1195 2314 se

243 2361 305 2426 que
328 2341 369 2406 ad
382 2344 415 2405 te
437 2340 562 2405 litteras
581 2337 713 2402 daturos
727 2357 796 2401 esse
811 2335 968 2401 dixerunt.
995 2336 1068 2424 Ego
1084 2343 1196 2424 autem,
1268 2339 1269 2358 *

243 2429 288 2494 1111
302 2428 430 2514 Plance,
452 2429 513 2494 etsi
535 2449 603 2492 non
621 2425 817 2508 dubitabam,
840 2425 919 2509 quin
932 2428 965 2489 et
979 2431 1112 2492 senatus
1126 2450 1195 2493 con-

244 2519 364 2582 sultum
388 2521 421 2583 et
441 2518 494 2582 lex
516 2519 549 2580 et
563 2511 731 2580 ‘consulum
744 2513 907 2578 decretum
921 2535 958 2578 66
973 2515 1101 2580 litterae
1117 2517 1195 2600 apud

243 2609 277 2670 te
298 2606 473 2689 plurimum
496 2603 699 2670 auctoritatis
721 2601 887 2687 haberent,
909 2606 1004 2688 teque
1026 2603 1196 2688 1661116111-

243 2694 301 2757 tici
323 2713 420 2758 causa
442 2694 523 2759 velle
549 2692 784 2775 intellexeram,
814 2693 925 2756 tamen
950 2692 1013 2756 hoe
1040 2715 1100 2777 pro
1129 2715 1196 2758 eon·

134 2863 135 2866 ,
243 2782 409 2847 iunctione
432 2785 465 2847 et
486 2780 711 2847 benevolentia
734 2783 846 2844 nostra
868 2779 948 2844 mihi
962 2782 1095 2866 sumpsi,
1117 2783 1196 2847 utid

213 2953 215 2958 Ι
245 2874 319 2937 616
341 2875 498 2956 peterem,
529 2870 615 2956 quod
637 2873 695 2932 tua
722 2868 894 2954 singularis
921 2869 1109 2934 humanitas
1133 2894 1196 2936 sua-

244 2960 430 3044 vissimique
453 2980 558 3024 mores
582 2961 653 3022 ate
676 2961 783 3021 essent
804 2957 1017 3042 impetraturi,
1038 2958 1072 3023 id
1095 2963 1217 3026 autem-

245 3053 303 3133 est,
325 3052 362 3115 ut
383 3049 455 3134 hoe,
478 3047 563 3133 quod
585 3051 618 3111 16
640 3048 699 3110 tua
721 3049 836 3130 sponte
856 3045 1018 3110 facturum
1032 3068 1101 3112 esse
1116 3053 1196 3114 certo

246 3138 321 3222 scio,
343 3137 477 3202 honoris
500 3137 604 3202 nostri
619 3155 716 3200 causa
735 3134 882 3218 libenter,
904 3135 1037 3220 prolixe,
1060 3137 1197 3202 celeriter

219 3226 355 3292 1166166.
399 3224 482 3290 Mihi
509 3247 603 3290 nemo
632 3227 681 3288 est
708 3223 840 3288 amicior
867 3244 925 3288 nee
953 3224 1124 3291 iucundior
1144 3247 1197 3290 nec

247 3315 351 3378 carior
363 3312 484 3396 Attice,
507 3315 596 3379 cuius
620 3315 789 3376 antestes
813 3312 917 3377 solum
940 3311 1109 3378 familiaris
1130 3336 1196 3400 age-
1267 3291 1268 3360 1

246 3400 342 3465 batur
365 3423 465 3486 eaque
488 3422 617 3486 magna,
638 3421 726 3464 nunc
740 3400 876 3466 accessit
889 3400 987 3466 etiam
1000 3401 1198 3486 existimatio,

247 3491 292 3568 ut,
315 3489 400 3570 quod
424 3493 614 3554 consecutus
629 3492 679 3554 est
691 3507 812 3574 magna
826 3492 859 3554 et
871 3489 1030 3554 industria
1053 3494 1086 3556 et
1100 3493 1197 3576 gratia
1267 3539 1268 3568 ,

248 3575 281 3634 61
303 3575 377 3639 viro
391 3573 526 3640 Caesare
541 3581 573 3640 et
595 3579 732 3661 mortuo,
754 3577 788 3641 id
801 3581 835 3642 te
850 3577 1023 3644 adiuvante
1046 3579 1198 3646 obtineat:

1267 3761 1268 3802 1
