2510 3958
215 196 281 262 282
497 196 527 251 Μ
553 196 679 252 TULLII
696 195 888 253 CICERONIS

214 341 299 408 ratio
322 341 624 428 bellmfflom,
638 342 666 406 si
679 342 854 408 tenendam
867 343 952 408 hano
966 364 1067 410 oram
1081 343 1184 426 putas,
1228 339 1244 419 ,l

216 451 298 514 queo
329 433 363 495 st
394 431 670 514 opportunitatem
707 434 740 496 st
777 431 973 516 dignitatem
1010 431 1121 496 habet
1155 433 1184 493 ot
1230 428 1233 513 l

215 517 364 603 egrogios
387 518 472 583 aives
495 521 543 600 et,
565 522 603 583 ut
629 519 782 602 arbitror,
810 521 916 584 teneri
942 523 1073 604 potest,
1106 539 1185 602 opus
1234 531 1244 565 l

215 609 372 690 estesse,
404 606 460 690 qui
486 607 622 691 praesit3
654 608 706 672 sin
737 607 848 672 omnis
878 629 981 672 unum
1007 609 1050 672 in
1079 607 1185 672 looum
1236 610 1238 641 ³

215 694 437 760 conuehendo
460 697 550 779 sunt,
581 716 649 760 nou
672 695 798 780 dubito,
830 696 910 780 quin
938 696 979 760 asi
1005 699 1042 760 ta
1075 694 1185 760 statim
1238 699 1244 747 l

214 783 356 866 veniam,
383 803 447 866 quo
470 783 551 846 mihi
579 783 661 847 nihil
683 785 826 868 optatius
850 788 912 868 est,
938 784 1037 869 idque
1068 787 1196 864 tecum·
1239 750 1241 853 l

215 892 280 954 quo
303 871 355 936 die
378 871 419 935 ab
441 871 520 935 urbe
540 871 753 956 discessimus
775 873 903 937 loeutus
927 894 1007 937 sum.
1045 870 1138 956 Ego,
1160 869 1185 933 si

215 960 268 1024 oui
280 958 387 1026 adhue
403 958 514 1024 videor
528 961 659 1045 segnior
679 961 789 1043 fuisse,
811 961 890 1024 dnm
911 981 953 1024 ns
975 959 1037 1025 libi
1064 958 1185 1040 videar,

214 1067 283 1112 non
305 1048 428 1132 laboro,
449 1051 615 1132 ettamen,
632 1049 669 1131 si,
690 1049 843 1132 strideo,
864 1048 986 1114 bellum
999 1046 1185 1134 gerendum

187 1139 280 1219 esst,
307 1135 434 1203 confido
462 1157 513 1200 me
541 1137 690 1202 omnibus
719 1137 813 1202 fusile
837 1137 1094 1202 satisfacturum.
1142 1131 1183 1199 M

215 1223 366 1307 Tullium,
388 1245 496 1292 meum
518 1225 749 1309 necessarium,
771 1225 812 1290 ad
834 1227 867 1290 te
888 1225 979 1310 misi,
1000 1225 1055 1292 oui
1079 1229 1136 1308 tu,
1157 1221 1183 1286 si

214 1312 276 1376 tibi
298 1311 472 1397 viderem,
494 1313 536 1378 ad
559 1334 610 1380 mo
632 1313 758 1378 litteras
781 1313 882 1378 dares.

679 1506 714 1573 C.

313 1627 370 1682 Sor.
390 1627 504 1683 Canusii
523 1645 547 1683 a.
567 1629 594 1684 d.
614 1626 647 1683 X.
666 1627 728 1682 Kal.
747 1627 864 1682 Martias
883 1645 908 1682 a.
926 1643 953 1682 n.
972 1645 996 1684 o.
1016 1633 1078 1685 705.

281 1729 339 1788 CN.
358 1732 510 1789 MAGNUS
529 1733 670 1789 PROCOS
689 1733 715 1788 S.
734 1733 767 1788 D.
787 1735 824 1788 M.
843 1731 1017 1790 CICERONI
1034 1733 1110 1788 IMP.

281 1838 312 1906 S.
331 1862 360 1907 v.
378 1842 409 1906 b.
423 1865 449 1906 e.
482 1842 568 1908 Tuos
591 1843 716 1908 litteras
738 1843 876 1907 libenter
897 1843 976 1927 legi3
998 1839 1175 1928 recognovi

213 1929 301 1994 enim
323 1933 413 1995 tuam
437 1931 607 2014 pristinam
620 1933 771 1996 virtutem
785 1932 883 1995 etism
902 1931 938 1994 in
961 1931 1066 1996 salute
1089 1951 1173 1996 oom-

214 2018 314 2083 muni.
342 2016 498 2087 Consules
522 2020 562 2085 sd
585 2039 659 2085 eum
681 2019 864 2103 exercitum,
887 2039 982 2102 quem
1003 2019 1040 2082 in
1053 2017 1173 2104 Apulia

213 2105 327 2206 habui,
358 2109 525 2209 sanarunt.
570 2106 692 2192 Magno
719 2128 816 2209 ppere
843 2111 876 2171 to
898 2107 1018 2208 hortor·
1033 2128 1094 2190 pro
1116 2111 1172 2172 tuo

212 2197 628 2352 ttltsttttttqtt
641 2195 1172 2350 ttffluttittlttnt

213 2369 353 2436 afflictae
375 2394 470 2457 opem
493 2335 590 2456 atqie
612 2373 767 2437 auxilium
779 2372 930 2436 feramus.
963 2306 1099 2456 Cenbso,
1120 2371 1169 2436 vis

216 2456 323 2542 Appia
344 2459 406 2524 iter
432 2460 533 2526 fanias
556 2465 589 2525 et
611 2461 755 2526 celeriter
776 2459 985 2524 Brundisium
1008 2461 1129 2525 venias.

673 2671 715 2738 D:

263 2791 320 2849 Ser.
339 2791 459 2850 Formiis
477 2809 502 2848 s.
522 2793 549 2848 d.
567 2792 614 2887 III.
632 2792 775 2850 Kalendas
793 2792 954 2848 Martias-a.
972 2809 999 2846 n
1019 2807 1043 2846 o.
1064 2795 1124 2847 705.

310 2899 348 2956 M.
366 2897 495 2956 cronno
512 2898 586 2956 IlIP.
605 2897 633 2954 S.
651 2897 685 2956 D.
703 2897 761 2954 CN.
779 2897 911 2956 morio
928 2895 1080 2954 PROCOS.

186 3027 200 3068 ι
281 3008 388 3086 Quum
401 3008 442 3073 ad
456 3013 489 3073 te
502 3009 628 3072 litteras
641 3007 663 3088 †
676 3007 848 3092 misissem,
870 3025 952 3091 queo
964 3005 1026 3071 tibi
1040 3003 1170 3072 Canusii

213 3097 357 3162 redditae
381 3101 470 3180 sunt,
498 3097 713 3181 suspicionem
742 3096 866 3162 nullam
888 3093 1049 3159 habebam
1071 3099 1105 3160 te
1127 3093 1170 3158 rei

213 3187 361 3270 publicas
382 3207 481 3251 osuss
502 3206 591 3249 mere
618 3184 844 3268 transiturum,
875 3203 1026 3266 eramque
1053 3183 1090 3246 in
1117 3203 1169 3267 spe

214 3294 335 3360 magne
356 3274 442 3359 fore,
464 3273 558 3338 utin
580 3271 677 3336 Italis
697 3293 865 3357 possemus
889 3275 946 3336 sut
968 3271 1169 3336 eonoordiam

214 3535 251 3605 ς)
270 3463 402 3588 .u·„a
415 3472 445 3604 ¹4
459 3463 854 3605 Wittffllum‘
870 3479 926 3531 ω’
942 3479 968 3533 ⁹·
986 3462 1102 3532 (Μ’
1119 3476 1168 3530 “⁴'’
