2582 3980
89 289 131 346 M.
144 289 268 347 TULLII
286 291 480 348 CICERONIS
494 292 672 349 aplanen
686 296 914 384 BRUTUMhl.
930 303 954 390 2
988 297 1051 361 611

84 435 240 500 beneficii
263 459 384 523 magna
406 459 482 522 pars
496 460 516 503 a
529 441 562 503 te
585 443 704 504 est-z
727 437 836 524 itaqrie
859 462 933 506 eum
956 443 1053 506 salvis
1141 521 1144 525 Ι

91 523 188 589 nohis
210 525 308 590 uellet
331 526 469 610 salvum3
491 527 528 590 in
551 549 624 592 eum
647 531 755 592 autem
777 530 884 593 locum
906 551 975 594 rem
998 529 1080 595 adr

90 612 224 678 ductam
237 613 393 700 intelligit
405 651 450 660 -
463 617 513 680 est
526 615 621 700 enim,
643 619 681 680 ut
695 618 765 700 scis,
787 617 919 682 minime
934 619 1053 684 stultus

90 739 145 782 —,
173 705 212 766 ut
237 703 365 787 utrique
388 703 469 768 salvi
492 724 561 768 esse
586 724 654 769 non
682 705 824 790 possint:
860 706 969 790 itaque
992 729 1053 772 nos

89 791 230 874 mavult3
254 790 294 855 de
315 793 349 855 te
371 811 447 856 vero
463 792 655 858 amicissime
669 797 703 858 et
723 794 867 878 loquitur
890 798 923 858 et
945 796 1053 859 sentit.

90 877 213 964 Quare,
245 880 272 944 si
300 879 371 964 quis
404 901 494 946 secus
523 880 564 945 ad
594 883 626 946 te
654 880 693 946 de
721 903 758 946 eo
786 882 915 968 scripsit
942 885 999 947 aut
1026 883 1055 948 si

90 988 202 1033 coram
228 968 357 1033 locutu‘s
384 971 446 1052 est,
478 972 554 1053 peto
583 991 603 1034 a
629 972 662 1034 te
691 971 789 1035 ctiam
821 974 917 1056 atque
947 971 1055 1056 etiam,

89 1055 174 1121 mihi
187 1058 225 1120 ut
246 1057 356 1140 potius
369 1057 489 1142 credas,
512 1057 568 1143 qui
582 1061 615 1122 et
627 1058 754 1123 facilius
768 1059 909 1124 iudicare
922 1081 1054 1143 possum

90 1165 191 1230 quam
220 1145 275 1208 ille
302 1147 409 1211 nescio
438 1145 508 1230 quis
539 1149 572 1210 et
593 1149 626 1212 te
655 1147 728 1231 plus
751 1146 861 1232 diligo.
906 1145 1054 1213 Clodium

88 1233 154 1298 tibi
183 1233 413 1322 amicissimum
440 1235 588 1300 existima
616 1234 779 1320 civemque
807 1237 919 1320 talem,
951 1236 1054 1321 qualis
1161 1233 1165 1239 ’

90 1326 127 1387 et
148 1321 419 1411 prudentissimus
442 1324 476 1388 et
496 1324 630 1390 fortuna
653 1324 776 1408 optima
799 1346 868 1390 esse
892 1324 994 1389 debet.

554 1517 598 1584 H.

463 1641 506 1708 (A.
525 1657 551 1694 u.
572 1656 596 1695 e.
616 1640 687 1709 711.)

391 1743 520 1800 clonae
540 1745 662 1800 naono
682 1743 756 1800 san.

162 1851 289 1940 Scripta
316 1857 349 1918 et
376 1853 548 1941 obsignata
574 1856 640 1920 iam
667 1855 804 1940 epistola
825 1855 953 1920 litterae
975 1855 1085 1920 mihil

92 1943 238 2009 redditae
253 1947 330 2008 sunt
344 1965 363 2007 a
376 1946 409 2008 te
431 1945 547 2028 plenae
569 1965 677 2008 rerum
700 1965 866 2008 novarum.
902 1942 1055 2007 Maxime·

93 2054 157 2117 que
184 2032 331 2097 mirabile
354 2029 557 2097 Dolabellam
585 2032 726 2116 quinque
754 2031 902 2095 cohortes
929 2031 1055 2096 misisse

92 2123 129 2186 in
153 2117 398 2186 Chersonesum.
425 2119 559 2185 Adeone
582 2120 683 2204 copiis
707 2117 859 2204 abundat,
881 2122 919 2184 ut
940 2119 978 2204 is,
1000 2120 1056 2203 qui

93 2233 135 2276 ex
157 2208 238 2274 Asia
258 2211 370 2295 fugere
394 2207 573 2293 dicebatur,
598 2207 764 2293 Europam
787 2209 938 2292 appetere
962 2228 1056 2272 cone·

93 2298 172 2364 tur?
196 2299 337 2384 quinque
351 2301 460 2363 autem
474 2297 660 2364 cohortibus
675 2296 829 2381 quidnam
846 2317 880 2360 sc
893 2295 1056 2360 facturum

95 2387 273 2453 arbitratus
296 2391 358 2471 est,
390 2408 489 2471 quum
515 2390 552 2451 tu
582 2408 620 2451 eo
648 2385 711 2450 loeo
733 2385 875 2470 quinque
901 2384 1056 2468 legiones,

95 2476 258 2561 optimum
280 2476 468 2561 equitatum,
490 2475 631 2540 maxima
654 2472 773 2538 auxilia
794 2470 953 2536 haberes?
976 2494 1055 2556 quas

95 2564 227 2650 quidem
250 2565 399 2630 cohortes
423 2585 516 2648 spero
536 2564 602 2627 iam
616 2566 688 2628 tuas
703 2583 782 2640 esse,
805 2561 959 2645 quoniam
971 2561 1055 2626 latro

93 2655 151 2718 ille
173 2655 241 2718 tam
262 2653 326 2718 fuit
348 2652 488 2719 demens.
529 2651 634 2717 Tuum
658 2650 827 2716 consilium
849 2650 1082 2715 vehementerr

93 2742 208 2825 laudo,
241 2742 328 2827 quod
359 2763 427 2806 non
453 2741 543 2825 prius
571 2739 745 2805 exercitum
771 2737 947 2823 Apollonia
974 2737 1055 2823 Dyr-

93 2829 293 2914 rhachioque
315 2830 459 2914 movisti,
486 2851 583 2912 quam
605 2827 645 2892 de
667 2826 804 2893 Antonii
826 2826 907 2911 fuga
929 2826 1056 2910 audisti,

93 2918 191 2984 Bruti
223 2919 405 3003 eruptione,
436 2918 548 3003 populi
579 2916 720 2982 Romani
751 2915 902 2980 victoria:
938 2914 1056 2999 itaque,

96 3008 184 3094 quod
208 3007 320 3072 scribis
342 3009 456 3092 postea
479 3006 630 3071 statuisse
644 3009 677 3069 te
691 3005 805 3070 ducere
824 3002 999 3067 exercitum
1020 3003 1057 3066 in

96 3095 335 3162 Chersonesum
363 3117 424 3160 nec
446 3095 515 3180 pati
538 3093 783 3161 sceleratissimo
805 3091 901 3177 hosti
915 3090 1054 3156 ludibrio

97 3207 168 3251 esse
191 3185 360 3271 imperium
383 3184 495 3268 populi
517 3182 671 3266 Romani,
702 3180 782 3245 facis
811 3201 850 3243 ex
872 3182 929 3243 tua
952 3179 1056 3264 digni-

95 3277 166 3339 tate
194 3276 227 3338 et
253 3295 291 3338 ex
318 3295 352 3374 re
376 3268 517 3358 'publica
563 3271 655 3348 Quod
684 3267 795 3334 scribis
823 3267 862 3332 de
890 3267 1056 3352 seditione,

146 3523 148 3528 ’
169 3501 221 3572 Ep.
241 3507 266 3570 2,
286 3508 310 3556 1.
337 3516 478 3556 mearam.
499 3501 543 3556 M.
563 3499 639 3568 (W.).
664 3515 702 3565 a,
720 3515 754 3552 m.
773 3497 804 3551 Β.
823 3527 857 3536 -
876 3495 1001 3551 mirabile
1019 3500 1058 3548 est

96 3573 137 3630 D.
156 3572 242 3643 (Or.)?
261 3603 294 3612 -
314 3587 343 3627 eo
362 3571 554 3642 locuplesque
573 3571 647 3641 (Ν).
679 3586 700 3625 e.
720 3585 744 3639 q.
762 3567 856 3638 vulgo.
895 3573 919 3621 2.
943 3567 1056 3622 desere.

99 3643 192 3700 Taum
210 3643 272 3715 (a).
296 3643 322 3700 d.
341 3642 381 3698 Et
398 3647 417 3697 t.
436 3641 518 3697 MIB.
840 3725 895 3782 39*
