2522 3960
225 177 292 242 200
501 148 548 231 n.
567 141 691 231 ruini
709 145 900 232 cicuaouis

95 334 98 339 “
225 320 386 388 ascribito.
419 319 617 385 litterarum
639 318 787 384 datarum
810 319 878 385 dies
900 342 947 404 pr.
961 319 1033 386 Kal
1056 319 1194 386 Ianuar.
1251 269 1252 296 i

226 431 357 475 suavem
373 408 490 474 habuit
505 407 760 474 recordationem
774 406 942 475 clarissimi
955 409 1034 474 iuris
1048 409 1195 494 iurandi,
1252 438 1253 500 p

226 498 312 583 quod
334 518 396 582 ego
418 519 487 562 non
509 518 597 562 eram
618 495 748 580 oblitus,
770 516 908 581 magnus
930 497 1017 564 enim
1039 501 1192 581 praetex-
1252 501 1253 562 l

225 590 313 651 tatus
326 586 383 650 illo
398 585 448 650 die
462 585 519 650 fui.
545 583 655 650 Habes
670 583 711 648 ad
725 583 843 668 omnia,
856 607 932 670 non,
950 587 989 650 ut
1002 586 1195 670 postulasti,

224 669 348 760 χρύσεα
374 675 550 758 χαλκείων,
587 672 643 737 sed
671 672 764 757 paria
790 673 922 757 paribus
949 673 1194 758 respondimus.

165 784 212 828 ,aa
225 762 308 828 Ecce
331 767 440 827 autem
462 761 526 828 alia
552 761 670 845 pusilla
693 761 843 845 epistola,
871 783 967 846 quam
993 783 1062 830 non
1089 763 1192 828 relin-

225 844 641 1004 tttsultl'ttltt
662 847 1195 1007 miiniorll‘miltaltl'lm
1253 845 1254 870 ἶ

627 987 636 1022 δ

226 1049 298 1092 cum
322 1051 379 1093 suo
402 1027 544 1110 tibicine,
566 1029 599 1091 et
616 1024 713 1090 velim
735 1025 825 1110 seira
848 1025 903 1110 qui
917 1026 960 1092 sit
974 1030 1078 1092 status
1103 1028 1193 1110 eius;

225 1115 399 1182 Lentulum
420 1115 550 1200 quidem
577 1117 725 1180 nostrum
747 1114 852 1182 omnia
880 1119 1008 1199 praeter
1030 1114 1190 1180 Tuscula·

225 1227 304 1269 num
325 1203 552 1288 proscripsisse
566 1203 676 1270 audio:
699 1202 794 1286 cupio
812 1202 873 1269 hos
887 1202 1053 1287 expeditos
1067 1204 1193 1285 videre,
1254 1211 1255 1216 ’

226 1293 442 1444 cupiebatiam
466 1289 618 1374 Sestium,
650 1290 730 1356 adde
754 1291 798 1355 sis
821 1288 978 1376 (laelium,
1008 1292 1191 1375 inquibus

226 1381 315 1444 omui
338 1402 376 1444 us
401 1383 450 1443 est

270 1505 429 1568 αἴδεσθεν
450 1498 512 1586 μὲν
526 1495 730 1586 ἀνήνασθαι,
754 1503 870 1568 δεῖσαν
893 1496 925 1566 δ’
950 1497 1153 1586 ὑποδέχθαι.
1255 1499 1256 1518 ³

225 1626 275 1692 De
288 1625 441 1692 Memmio
463 1626 663 1692 restituendo
686 1630 723 1692 ut
737 1623 833 1691 Curio
849 1627 978 1712 cogitet,
999 1629 1032 1690 te
1056 1627 1190 1692 audisse

225 1718 314 1799 puto.
358 1714 407 1782 De
436 1713 571 1800 Egnatii
599 1712 732 1780 Sidicini
763 1714 893 1779 nomine
919 1736 980 1779 nec
1005 1715 1097 1778 nulla
1125 1736 1189 1778 neo
1256 1779 1257 1794 ¹

225 1823 345 1888 magna
367 1824 423 1888 spe
447 1825 566 1869 sumus.
601 1801 780 1888 Pinarium,
802 1824 898 1887 quem
920 1801 999 1868 mihi
1022 1823 1187 1868 commen·
1256 1805 1257 1814 ’

226 1891 292 1976 das,
315 1891 559 1977 diligentissime
573 1890 745 1956 Deiotarus
762 1895 854 1955 curat
876 1891 1017 1978 graviter
1040 1911 1188 1977 aegrum.

184 2001 212 2042 α
225 1979 391 2064 Respondi
413 1979 511 2046 etiam
533 1980 659 2045 minori.
702 1979 751 2044 Tu
779 1979 887 2063 velim,
919 1979 995 2044 dum
1022 2000 1077 2044 ero
1101 1977 1186 2045 Lao-

225 2069 343 2153 diceae,
364 2069 398 2133 id
421 2071 471 2134 est
492 2067 534 2132 ad
556 2067 633 2132 Idus
653 2066 766 2152 Maias,
788 2089 886 2151 quam
909 2067 1095 2156 saepissime
1119 2089 1186 2132 me·

225 2179 298 2224 oum
333 2179 391 2242 per
425 2157 550 2222 litteras
587 2157 768 2240 colloquare
811 2159 859 2242 et,
899 2177 999 2240 quum
1033 2154 1185 2220 Athenas

224 2245 350 2312 veneris
373 2246 503 2330 —iam
526 2245 612 2310 anim
635 2244 770 2308 sciemus
793 2244 832 2308 de
855 2244 950 2308 rebus
973 2243 1121 2328 urbanis,
1146 2245 1186 2308 de

224 2335 411 2417 provinciis,
447 2354 529 2416 quae
556 2333 665 2397 omnis
692 2332 727 2396 in
753 2353 898 2399 mensem
924 2330 1078 2396 Martium
1106 2336 1187 2396 sunt

185 2422 343 2486 recollata
368 2457 423 2504 -,
452 2422 563 2504 utique
595 2420 636 2484 ad
663 2441 715 2485 me
740 2419 926 2485 tabellarios
953 2420 1072 2486 mittas.
1119 2418 1185 2486 Sed

224 2509 304 2572 heus
327 2511 373 2591 tu,
393 2509 501 2572 iamne
523 2529 581 2572 vos
602 2505 771 2574 aansare
794 2530 852 2593 per
873 2507 1035 2575 Herodem
1057 2507 1187 2574 talenta

225 2595 335 2661 Attica
357 2612 388 2662 ι.
416 2594 615 2660 extorsistis?
652 2597 687 2660 in
715 2618 791 2682 quo,
822 2600 859 2661 ut
886 2596 996 2681 audio,
1026 2617 1184 2681 magnum

225 2684 335 2748 odium
347 2683 492 2767 Pompeii
512 2683 711 2768 suscepistis3
734 2688 829 2770 putat
843 2685 928 2750 enim
942 2706 1017 2750 suos
1030 2707 1185 2750 nummos

225 2794 282 2838 vos
315 2771 502 2856 comedisse,
538 2769 709 2836 Gaesarem
740 2773 776 2839 iu
805 2772 945 2840 Nemore
984 2772 1185 2838 aedificando

225 2861 462 2947 diligentiorem
493 2860 578 2925 fore:
609 2861 671 2926 hoc
701 2881 761 2947 ego
789 2882 828 2926 ex
854 2859 889 2926 P.
911 2860 1029 2944 Vedio,
1061 2883 1115 2926 ma
1165 2885 1184 2926 0

225 2950 396 3034 nebulone,
418 2948 473 3014 sed
487 2948 633 3034 Pompeii
655 2953 766 3014 tamen
788 2949 950 3033 familiari,
972 2949 1088 3014 audiri.
1116 2881 1185 3016 {lic

225 3037 347 3104 Vedius
369 3038 459 3103 venit
485 3037 565 3102 mihi
593 3036 722 3104 obviam
749 3059 822 3102 cum
849 3035 974 3103 duobus
1003 3037 1123 3104 essedis
1151 3043 1186 3104 et

226 3126 303 3192 reda
326 3127 415 3210 equis
438 3126 549 3192 iuncta
572 3129 604 3190 et
626 3127 739 3190 lectica
762 3130 796 3190 et
816 3125 940 3191 familia
962 3147 1095 3212 magna,
1123 3149 1184 3212 pro

226 3235 300 3298 qua,
322 3215 350 3278 si
363 3212 459 3279 Curio
481 3215 586 3300 legem
607 3214 785 3298 pertulerit,
807 3211 873 3279 HS.
887 3217 1040 3280 centenos
1062 3215 1186 3300 pendat

296 3441 348 3511 Ep.
369 3445 392 3510 1,
411 3446 454 3496 νε.
482 3441 629 3511 proposuit
647 3440 785 3510 (Bautis).
809 3443 903 3511 poterit
920 3443 1014 3512 vulgo.
1061 3447 1104 3497 25.
1133 3457 1185 3512 per

225 3509 338 3566 Erotem
356 3511 424 3581 (Z.)?
443 3541 476 3551 -
491 3527 546 3580 pro
564 3511 672 3582 quitus,
688 3513 714 3567 ai
732 3512 817 3568 Uario
836 3512 922 3582 (W.)?
