2522 3960
164 261 424 318 EPIS'I'OLARUM
442 261 492 316 AD
511 259 677 317 ATTIOUM
694 261 728 316 V.
749 267 791 316 18.
811 267 851 316 19.
931 257 994 323 177

44 405 122 468 enim
144 409 176 470 te
195 409 237 491 et,
260 407 353 490 quasi
367 427 476 473 coram
491 406 581 492 assis,
602 407 649 471 ita
663 427 759 472 cerno
782 399 996 490 συμπάθειαν

45 494 154 558 amoris
176 495 227 559 tui
240 531 293 580 -,
317 495 372 560 sed
386 499 418 560 te
431 515 523 582 rogo,
545 495 572 560 si
586 495 653 560 ullo
666 498 762 579 pacto
776 495 845 560 fieri
866 494 996 580 poterit,

46 581 68 644 si
87 580 215 668 integra
236 584 273 648 in
295 586 410 648 senatu
432 586 545 650 nostra
567 605 664 648 causa
687 583 728 648 ad
741 581 814 648 Kal.
827 581 995 648 Ianuarias

45 671 207 754 manserit,
234 674 274 736 ut
293 670 417 737 Romae
444 673 488 736 sis
515 693 625 736 mense
647 670 813 736 Ianuario:
849 671 995 755 profecto

45 757 117 822 nihil
140 759 298 843 accipiam
318 760 468 845 iniuriae,
497 760 526 826 si
548 763 585 824 tu
608 759 721 826 aderis.
766 759 897 826 Amicos
921 781 995 826 aon·

46 846 122 910 eules
160 847 331 933 habemus,
367 851 514 915 nostrum
549 846 716 914 tribunum
751 850 796 933 pl.
827 846 996 932 Furnium,

45 955 148 999 verum
174 939 233 1000 tua
260 940 310 1001 est
332 958 413 1022 opus
441 936 642 1021 assiduitate,
671 937 856 1021 prudentia,
883 937 996 1020 gratia

46 1019 177 1109 Tempus
200 1028 251 1090 est
272 1026 502 1108 necessarium
525 1025 582 1092 sed
603 1028 698 1110 turpe
712 1027 762 1090 est
776 1047 828 1090 me
850 1023 996 1109 pluribus

47 1111 143 1177 verbis
176 1133 272 1198 agere
303 1117 419 1179 tecum.
464 1112 635 1180 Cicerones
666 1114 771 1178 nostri
802 1116 880 1178 sunt
911 1113 1023 1197 apudt

47 1196 241 1286 Deiotarum,
268 1202 338 1287 sed,
365 1203 394 1268 si
416 1224 498 1287 opus
521 1203 594 1288 erit,
617 1202 815 1267 deducentur
836 1201 997 1292 Rhodum.

48 1284 103 1370 Tu,
133 1289 162 1354 si
193 1309 228 1354 es
259 1289 395 1375 Romae,
427 1294 465 1356 ut
491 1292 588 1375 soles,
620 1290 879 1376 diligentissime,
907 1291 936 1356 si
962 1290 997 1354 in

47 1371 150 1462 Epiro,
171 1377 266 1442 mitte
287 1382 398 1444 tamen
421 1379 462 1444 ad
484 1401 552 1444 nos¹
569 1379 607 1444 de
620 1380 685 1446 tuis
702 1379 842 1464 aliquem
864 1379 997 1445 tabella-

48 1463 135 1550 n'um,
164 1468 204 1530 ut
225 1470 259 1531 et
280 1472 327 1552 tu,
356 1468 433 1552 quid
454 1489 516 1534 nos
539 1490 687 1555 agamus,
710 1471 742 1533 et
764 1489 838 1552 nos,
861 1467 938 1552 quid
960 1471 997 1533 tu

49 1571 119 1635 agas
141 1553 282 1640 quidque
303 1558 432 1620 acturus
455 1556 513 1640 ιιι,
536 1557 616 1624 seire
639 1557 808 1641 possimus.
852 1555 925 1644 Ego
948 1557 998 1620 tui

49 1637 134 1705 Bruti
155 1664 224 1706 rem
247 1643 293 1708 sic
316 1664 392 1731 ago,
418 1647 456 1708 ut
482 1666 574 1710 suam
600 1645 670 1730 ipse
696 1667 764 1710 non
791 1649 915 1730 agaret,
942 1643 998 1710 sed

50 1727 106 1793 iam
132 1731 267 1796 exhibeo
294 1733 454 1816 pupillum
484 1753 589 1817 neque
621 1733 772 1817 defendo,
804 1737 881 1798 sunt
911 1733 998 1798 enim

51 1820 173 1902 negotia
195 1822 230 1884 et
251 1820 341 1885 lente
363 1824 397 1885 et
417 1821 542 1905 inania3
563 1821 682 1886 faciam
703 1827 814 1886 tamen
828 1822 906 1886 satis
928 1821 999 1906 tibi,

51 1906 96 1968 oui
117 1907 244 1992 quidem
268 1909 429 1974 difficilius
452 1913 501 1974 est
515 1931 612 1993 quam
634 1909 706 1996 ipsi,
729 1909 784 1976 sed
807 1914 892 1978 certe
906 1909 997 1975 cefis-

51 1991 158 2060 faeiam
180 1997 318 2080 utrique.

480 2189 568 2258 XIX.

55 2305 103 2363 Sor.
112 2310 141 2366 in
153 2311 254 2368 castris
264 2311 301 2366 ad
310 2311 441 2382 Cybistra
454 2314 550 2382 paullo
564 2315 630 2384 post
642 2309 689 2368 Xl.
703 2311 846 2366 Kalendas
855 2311 998 2368 Octobres.

333 2417 462 2474 CICERO
481 2418 614 2475 ATTICO
633 2419 709 2473 SAL.

112 2523 326 2612 Obsignaram
348 2528 413 2592 iam
436 2528 607 2612 epistolam
629 2549 713 2612 eam,
744 2549 842 2612 quam
863 2530 943 2612 puto
966 2532 1026 2594 ter

55 2612 138 2678 modo
160 2616 346 2702 perlegisse,
369 2616 522 2701 scriptam
542 2637 614 2681 mea
627 2638 736 2700 manu,
757 2617 793 2681 in
806 2638 870 2701 qua
893 2617 1001 2683 omnia

55 2702 261 2787 continentur,
283 2726 382 2789 quum
405 2705 511 2770 subito
535 2703 635 2789 Appii
656 2705 843 2770 tabellarius
867 2728 894 2771 a.
909 2705 938 2771 d.
955 2723 1001 2772 x1.

55 2785 115 2856 Kal
135 2789 293 2858 Octobres
316 2793 453 2878 septimo
472 2794 717 2878 quadragesimo
735 2793 785 2859 die
798 2793 903 2860 Roma
922 2795 1001 2860 celo-

55 2876 176 2942 riter-
190 2880 251 2947 hui
263 2885 332 2947 tam
343 2883 454 2968 longe!
469 2919 511 2928 -
525 2882 605 2947 mihi
626 2885 700 2946 tues
713 2882 838 2948 litteras
851 2882 1001 2967 reddidit,

56 2969 212 3051 exquibus
226 2991 295 3034 non
309 2969 431 3054 dubito,
445 2971 533 3054 quin,
545 2974 583 3035 ut
596 2969 785 3054 Pompeium
799 2971 1002 3056 exspectaris,

56 3051 122 3118 dum
138 3056 289 3122 Arimino
311 3058 439 3144 rediret,
459 3059 525 3122 iam
547 3059 582 3123 in
604 3057 740 3143 Epirum
762 3058 926 3143 profectus
949 3059 1003 3143 sis,

57 3144 211 3230 magisque
234 3167 359 3231 vereor,
388 3149 426 3211 ut
449 3147 574 3232 scribis,
600 3169 641 3212 ne
664 3147 700 3210 in
721 3145 822 3232 Epiro
845 3146 1001 3212 sollicitus

58 3230 94 3294 sis
113 3253 178 3299 non
200 3235 319 3320 minus,
342 3256 439 3319 quam
462 3256 522 3302 nos
544 3235 597 3300 hic
620 3256 739 3300 sumus.
783 3233 833 3298 De
855 3232 1001 3300 Atiliano

117 3461 165 3532 Ep.
178 3469 219 3532 18,
228 3469 253 3518 4.
272 3464 342 3518 eott'e
353 3464 414 3531 titi,
424 3465 470 3519 ιιι·
478 3481 502 3534 q.
518 3465 574 3534 (m).
592 3479 624 3530 n,
636 3467 655 3516 t.
665 3478 700 3531 q,
714 3477 735 3515 c.
750 3460 844 3531 vulgo.
863 3460 965 3532 Eplll,
978 3467 1000 3516 1.

60 3533 155 3596 eptem
173 3540 198 3590 et
215 3551 241 3604 q.
265 3533 350 3603 (W.)?
376 3565 412 3575 —
439 3537 507 3604 puin
524 3539 556 3588 tu
575 3534 632 3588 P..
649 3575 654 3586 .
671 3574 676 3586 .
696 3532 810 3598 rediret,
834 3536 860 3587 ct
876 3533 933 3588 iam
952 3534 1002 3602 (a,

56 3599 128 3688 glum
144 3604 242 3674 MRI.;
262 3607 321 3659 iam
338 3604 370 3660 Il.
389 3607 418 3660 et
437 3606 479 3661 od.
499 3603 621 3674 Caroli)?
640 3641 643 3646 -

12 3721 14 3732 .
105 3691 336 3744 mansurpium
809 3695 842 3746 12
