2510 3958
169 216 431 274 EPISTOLARUM
447 217 500 272 Al>
516 215 680 273 ATTIOUM
697 216 771 272 VIII.
791 223 832 272 11.
854 223 894 272 re.
944 215 1011 280 287

60 361 138 446 quod
160 383 251 428 mere
272 383 342 428 non
363 361 564 427 transierim:
587 361 621 425 id
643 362 738 445 enim,
760 361 821 426 etsi
843 362 914 426 eret
935 360 1012 425 deli·

61 449 245 534 berationis,
279 453 390 515 tamen
426 449 515 514 obire
546 470 613 515 non
647 451 754 535 potui3
790 471 894 534 nsque
925 449 1012 514 euim

62 538 209 622 mspieori
232 537 339 622 debui,
360 537 549 622 praesertim
572 559 671 622 quum
693 559 733 602 ex
751 537 856 621 ipsius
865 535 1012 621 Pompeii

61 626 185 712 litteris,
207 626 296 692 idem
316 625 403 710 quod
425 626 518 692 video
541 629 574 690 te
597 626 809 708 existimasse,
831 646 900 690 nou
921 625 1011 690 ‹lubi-

61 715 159 799 tun'm,
180 715 261 799 quin
282 714 311 779 is
329 711 473 780 Domitio
498 713 713 780 subventurus
736 717 828 796 esset,
852 717 885 777 et
907 714 1012 797 plene,

63 801 133 886 quid
153 807 277 869 rectum
300 805 333 867 et
355 800 432 888 quid
454 801 638 868 laciendum
660 802 741 868 mihi
763 804 861 884 esset,
892 800 1012 866 diutius

63 890 196 976 cogitare
228 891 337 957 malui.
381 886 526 956 Primum
557 890 670 976 igitur,
700 890 781 956 haec
813 887 921 974 qualia
951 888 1041 952 tibi*

64 999 127 1046 sese
151 979 334 1062 videantur,
366 979 427 1043 etsi
458 977 640 1064 significate
671 982 749 1044 sunt
779 1000 801 1043 a
826 979 873 1061 te,
903 979 1014 1040 temen

64 1067 234 1166 amuranus
248 1067 329 1134 mibi
341 1066 520 1152 perscribas
534 1068 638 1152 velim,
653 1065 767 1131 deinde
781 1064 902 1150 aliquid
916 1065 1014 1128 etiam

64 1155 844 1330 tliiliupffilplilimfillallilelllr
860 1173 1014 1326 titt

66 1333 190 1418 senties,
218 1354 337 1416 ecquae
360 1330 493 1416 pacifica
515 1354 654 1417 persone
677 1331 893 1414 desideretur,
914 1351 957 1394 en
979 1329 1014 1393 in

66 1419 210 1486 bellatore
233 1421 310 1518 sint
323 1421 440 1486 omnia.
475 1419 583 1504 Atque
606 1441 677 1506 ego,
700 1421 755 1506 qui
774 1418 882 1486 omnia
905 1417 1041 1483 officior

66 1509 180 1594 metior,
193 1509 345 1592 recordor
358 1513 469 1573 tamen
481 1511 543 1572 tue.
553 1509 697 1592 consiliu,
719 1508 834 1592 quibus
849 1507 877 1572 si
890 1506 1014 1590 paruis-

68 1617 135 1680 sem,
155 1597 322 1662 tristitiem
335 1595 464 1662 illorum
477 1601 660 1681 temporum
673 1619 741 1662 non
755 1595 926 1678 subissem3
949 1616 1014 1659 me·

67 1683 146 1770 mini,
166 1685 243 1769 quid
266 1685 348 1750 mibi
369 1689 440 1750 tum
462 1685 600 1750 suaseris
622 1707 681 1770 per
694 1684 935 1768 Theophanem,
957 1704 1016 1767 per

69 1768 254 1858 Culleonem,
276 1773 372 1857 idque
386 1795 462 1858 sape
482 1773 698 1858 ingemiscens
721 1795 792 1838 sum
814 1771 1014 1838 recordatus:

69 1880 156 1942 quere
177 1883 266 1927 nunc
279 1862 393 1926 saltem
407 1860 448 1926 ad
463 1861 537 1926 illos
551 1863 691 1928 calculos
704 1864 911 1944 revertamur,
934 1881 1016 1944 quos

69 1949 129 2014 tum
159 1950 347 2033 abiecimus,
380 1953 418 2014 ut
449 1971 517 2016 ncu
549 1950 653 2015 solum
690 1949 840 2036 gloriosis
872 1947 1016 2012 consiliis

69 2039 198 2122 uturum,
226 2038 282 2103 sed
309 2038 407 2102 etiam
432 2038 543 2123 paullo
571 2038 816 2120 salubrioribus,
848 2035 905 2100 sed
933 2033 1016 2098 nihil

70 2127 255 2206 praescribo:
290 2129 439 2192 accurate
466 2127 562 2192 velim
587 2126 766 2211 perscribas
788 2128 878 2188 tuam
901 2121 943 2188 ad
965 2142 1016 2186 me

70 2215 261 2280 sententiam.
304 2213 390 2280 Volo
423 2215 520 2280 etiem
552 2215 713 2299 exquiras,
749 2234 845 2298 quam
881 2211 1044 2296 diligen-c

70 2300 182 2368 tissime
204 2303 326 2388 poteris
348 2338 391 2352 -
413 2302 548 2369 habebis
571 2306 693 2387 eutem,
723 2322 781 2386 per
807 2322 888 2385 quos
910 2298 1016 2384 possis

69 2389 917 2546 nl‘¹ltntlttttltelltl?”elteri
937 2385 1016 2541 tlt

70 2587 154 2650 quem
176 2502 338 2653 eecuieni,
362 2590 441 2634 num
464 2568 517 2634 cui
539 2571 748 2634 suscenseant
772 2499 810 2613 -g—
835 2527 913 2651 quiil
936 2565 1017 2648 dieo,

70 2675 138 2721 num
159 2657 233 2724 cui?
262 2679 341 2723 num
363 2656 539 2742 Pompeio?
573 2655 713 2722 Omnino
736 2656 865 2740 culpam
887 2675 1016 2720 omnem

70 2741 230 2831 Pompeius
252 2747 289 2812 in
308 2743 488 2812 Domitium
511 2745 645 2830 confert,
667 2744 754 2830 quod
775 2743 876 2828 ipsius
898 2741 1017 2808 litteris

71 2835 544 2988 posupuppurp
580 2834 769 2986 cres
793 2830 1016 2983 astri

72 2944 225 3078 villarii
242 2943 689 3098 Megiieiislslibiuinfluriuerii
721 3009 762 3075 ed
792 2941 826 3072 iis
857 3005 947 3070 misit
957 2940 1017 3069 pde,
1074 3011 1075 3014 ’

74 3101 240 3186 concordia,
262 3101 359 3166 velim
380 3099 460 3166 mihi
482 3099 602 3165 mittes.

133 3290 182 3362 Ep,
202 3299 245 3361 12,
263 3299 288 3349 3.
316 3298 375 3349 erat
393 3293 471 3350 celo.
491 3293 605 3365 (vulgo).
629 3307 650 3346 c.
668 3293 687 3357 †
704 3289 730 3344 ἀ.
752 3286 806 3356 Or,
824 3285 856 3340 B.
901 3289 926 3341 4.
949 3299 1016 3353 pro·

74 3358 135 3416 ture
145 3379 225 3434 posse
241 3364 283 3420 rei
295 3379 327 3435 p.
347 3364 432 3434 (W.)?
739 3371 743 3378 ·
