2522 3960
70 273 105 328 n.
120 274 236 329 ruuun
253 273 450 330 emenonis
468 273 583 329 uersu.
600 274 650 328 nu
669 273 835 331 ATTIGUM
852 275 886 330 v.
902 280 926 329 1.
951 271 1016 338 155

70 417 143 482 nihil
162 421 230 484 tam
251 418 320 484 vidi
332 418 421 503 mite,
441 418 525 484 nihil
541 421 609 484 tem
630 419 804 503 placatum,
827 433 924 503 quam
945 421 1017 484 tum

70 527 150 572 meus
170 507 272 574 frater
295 510 365 572 erat
387 507 586 573 insererem
608 510 708 592 tuam,
729 511 767 572 ut
780 507 887 590 etiam,
910 505 1017 590 siqua

69 594 165 660 fuerat
186 617 226 660 ex
246 595 375 664 ratione
398 598 545 679 sumptus
568 595 717 680 offensio,
747 616 816 660 non
838 597 1016 679 appareret

68 681 122 746 Ille
143 683 187 748 sic
210 681 293 766 dies3
319 683 474 767 postridie
497 705 536 748 ex
557 681 711 767 Arpinati
737 682 874 766 profecti
896 703 1016 749 sumus.

67 769 112 836 Ut
139 771 173 835 in
203 769 334 836 Arcano
367 770 506 846 Quintus
537 774 695 855 maneret,
731 770 800 836 diss
830 771 924 855 fecit,
955 790 1016 855 ego

67 857 196 943 Aquini,
227 859 285 924 sed
311 859 500 944 prandimus
526 860 562 924 in
588 859 718 925 Arcano
745 895 790 907 -
815 859 904 924 nosti
929 858 1018 923 hunc

67 946 196 1012 fundum
219 971 277 1031 -3
300 968 363 1031 quo
385 950 424 1012 ut
445 947 601 1033 venimus,
622 947 855 1014 humanissime
878 945 1017 1022 Quintus

67 1033 284 1120 „Pomponia,“
305 1035 419 1120 inquit,
431 1039 487 1120 ,‚tu
500 1036 603 1101 invita
616 1037 775 1120 mulieres,
797 1055 858 1122 ego
873 1034 1017 1100 accivero

66 1122 207 1206 pueros“:
239 1123 323 1188 nihil
349 1125 470 1210 potuit,
500 1125 581 1200 mihi
607 1124 736 1209 quidem
762 1127 800 1189 ut
826 1124 931 1189 uisum
960 1125 1019 1207 est,

65 1211 198 1296 dulcius,
229 1211 327 1296 idque
354 1233 453 1296 quum
479 1212 600 1298 verbis,
627 1216 701 1298 tum
729 1213 827 1278 eliam
849 1211 957 1278 animo
980 1231 1044 1294 ac,

66 1300 161 1365 vultu.
205 1298 253 1375 Ac
273 1300 331 1365 illa
353 1300 557 1366 audientibus
580 1299 675 1366 nobis
698 1298 891 1386 „ego·sum“
912 1299 1019 1384 inquit

65 1387 134 1471 „hio
153 1387 302 1475 hospita“
317 1423 368 1452 1-
389 1388 423 1453 id
447 1392 556 1455 autem
577 1409 616 1454 ex
639 1410 691 1475 eo,
713 1393 751 1454 ut
774 1389 903 1473 opinor,
932 1387 1034 1473 quod·

66 1478 279 1542 antecesserat
301 1473 432 1560 Statius,
455 1480 493 1542 ut
513 1477 685 1562 prandium
707 1477 803 1542 nobis
826 1476 1019 1559 videret-'3

66 1567 129 1628 tum
161 1564 301 1640 Quintus
329 1562 415 1648 „en“
442 1565 549 1649 inquit
577 1565 658 1631 mihi
688 1565 791 1650 „haec
819 1585 880 1649 ego
911 1563 1020 1649 patior

68 1650 230 1735 quotidie.“
274 1651 383 1718 Dices:
412 1653 521 1738 „quid,
544 1674 677 1740 quaem,
698 1653 782 1720 istuc
805 1647 914 1718 erat?“
949 1650 1045 1717 Mac

67 1760 174 1824 gnum3
200 1739 311 1825 itaque
338 1763 389 1806 me
418 1742 525 1826 ipsum
547 1744 776 1809 commoverat:
813 1741 859 1806 sic
881 1739 1018 1806 absurde

67 1831 96 1892 et
115 1849 228 1914 aspere
250 1828 357 1894 verbis
378 1829 534 1914 uultuque
555 1829 775 1916 responderat.
810 1827 1019 1894 Dissimulari

67 1915 183 1982 dolens.
208 1915 438 1982 Discubuimus
453 1939 564 1984 omnes
583 1922 710 2002 praeter
723 1917 821 2004 illam,
844 1918 896 1982 cui
908 1921 1020 1981 tamen

66 2002 200 2079 Quintus
223 2004 263 2069 de
285 2025 399 2070 mensa
420 2006 525 2092 misit,
555 2007 612 2071 illu
633 2005 752 2074 reiecit.
788 2004 871 2083 Quid
894 2003 1019 2070 multa?

66 2092 142 2158 nihil
168 2113 243 2158 meo
270 2091 371 2158 fratre
397 2093 515 2179 lenius,
545 2095 628 2160 nihil
653 2095 799 2179 asperius
824 2097 883 2158 tua
909 2113 1019 2158 sorore
1094 2121 1096 2125 ·

68 2181 140 2246 mihi
162 2181 269 2246 visum
284 2185 342 2264 est,
364 2185 398 2247 et
418 2183 521 2250 multa
542 2187 719 2267 praetereo,
742 2202 824 2266 quae
847 2184 917 2244 tum
939 2179 1020 2244 mihi
1152 2233 1158 2242 ,

67 2269 173 2335 mnori
205 2269 373 2336 stomacho
401 2292 499 2354 quam
525 2270 588 2355 ipsi
611 2269 731 2346 Quinto
760 2269 901 2334 fuerunt.
946 2265 1019 2352 Ego

67 2355 135 2422 iude
172 2357 353 2442 Aquinum3
390 2357 527 2434 Quintus
563 2359 599 2424 in
631 2357 760 2422 Aream
796 2355 952 2420 remansit
988 2358 1021 2420 et

67 2443 230 2530 Aquinum
269 2445 310 2512 ad
346 2467 398 2513 me
431 2446 588 2532 postridie
623 2467 718 2510 mane
753 2444 844 2511 uenit
877 2443 1020 2528 mihique

68 2533 207 2599 nunant
228 2555 289 2598 neo
312 2555 420 2600 secum
442 2527 532 2601 illam
555 2535 694 2601 dormire
710 2533 850 2600 voluisse
862 2537 899 2616 et,
921 2554 1021 2617 quum

69 2619 345 2706 discessuraesset,
357 2621 457 2688 fuisse
467 2621 632 2708 eiusmodi,
645 2623 773 2706 qualem
787 2642 847 2708 ego
860 2621 1021 2686 vidissem.

70 2705 146 2783 Quid
169 2708 320 2795 quaeris?
342 2710 394 2775 vel
415 2709 479 2796 ipsi
493 2711 556 2776 hoc
570 2707 657 2776 dicas
680 2711 763 2794 licet,
784 2710 1022 2776 humanitatem

69 2797 95 2860 ei
114 2819 187 2864 meo
209 2797 329 2863 iudicio
351 2797 408 2864 illo
431 2797 483 2864 die
506 2799 655 2865 defuisse.
681 2797 829 2866 Hacoad
851 2801 884 2862 te
907 2797 1022 2882 scripsi

68 2882 201 2952 fortasse
223 2885 380 2978 pluribus,
402 2909 499 2972 quam
512 2909 641 2952 necesse
664 2887 736 2972 fuit,
758 2890 796 2951 ut
808 2886 933 2951 videres
947 2883 1021 2948 tu'as

70 2991 191 3058 quoquc
218 2995 288 3039 esse
315 2978 424 3060 partes
451 2975 642 3042 instituendi
669 2978 702 3040 et
728 2970 1049 3039 armenotheha

70 3079 162 3142 quum
175 3065 235 3146 est,
253 3066 299 3147 ut,
308 3069 311 3074 “
321 3066 495 3147 antequem
507 3059 724 3147 proficiscare,
741 3061 895 3126 mandata
908 3063 1036 3124 nostra'

70 3147 248 3235 exhaurias,
280 3148 402 3237 scribas
433 3149 553 3216 adme
580 3151 702 3234 omnia,
732 3148 943 3233 Pomptinum
970 3167 1022 3210 ex·

70 3234 188 3323 trudas,
202 3233 204 3240 ⁴
220 3260 320 3323 quum
350 3238 514 3330 proiectus
541 3238 617 3323 eris,
648 3259 741 3304 ouras
762 3238 805 3301 ut
832 3235 944 3327 sciam,
976 3231 1023 3298 sio

135 3463 187 3534 llp.
208 3471 231 3534 1,
250 3471 276 3520 3.
295 3465 352 3521 Ille
368 3466 409 3520 sic
426 3467 484 3520 dics
505 3463 558 3534 (Oa
576 3465 631 3520 ille.
651 3463 699 3518 Sic
716 3463 760 3518 dic
776 3462 837 3530 Ml,
855 3461 897 3530 R,
917 3461 946 3531 βς
964 3459 1022 3514 allo.
1160 3461 1163 3466 “

72 3528 115 3587 dic
126 3535 169 3590 die
186 3534 258 3604 Mn).
278 3536 337 3596 Illo
349 3537 443 3598 studet
460 3535 554 3606 vulgo.
573 3565 609 3575 -
627 3550 674 3603 epo
691 3535 765 3590 viros
779 3533 935 3588 arrived‘:
950 3530 1024 3585 achil

74 3600 142 3666 (Mal
161 3605 241 3676 conl,
261 3605 323 3662 cdd.
341 3606 377 3674 l.;'
392 3622 440 3676 epo
457 3621 519 3661 cero
538 3606 657 3660 macero
671 3616 773 3674 pieros
790 3621 818 3658 a.
837 3603 898 3673 Ma,
917 3605 974 3672 ql?
