2574 3966
241 191 306 258 406
525 191 562 246 Μ.
582 189 913 248 TULLIIOICERONIS

240 357 375 420 eumque
399 335 472 418 erit,
500 335 634 417 scribas,
662 337 710 398 est
732 338 840 400 autem
863 357 977 418 unum,
1010 336 1093 420 quod
1113 336 1185 400 mihi

239 425 281 490 sit
301 423 488 508 optandum,
511 424 539 490 si
552 422 629 506 quid
643 423 696 507 agi
710 421 749 487 de
772 445 850 507 paee
873 425 986 507 possit,
1009 424 1093 508 quod
1104 425 1186 490 nulla

239 511 387 596 equidem
409 512 514 576 habeo
528 512 564 575 in
584 533 650 596 spe,
671 510 736 594 sed,
759 512 836 596 quia
848 515 885 576 tu
908 512 1023 576 leviter
1036 513 1185 577 interdum

113 611 120 626 “
239 601 416 686 significae,
448 600 537 685 cogis
564 621 615 664 me
648 621 789 685 sperare,
822 601 907 684 quod
939 601 1115 684 optandum
1139 602 1184 664 vix

211 693 296 755 aest.
341 688 533 753 Philotimus
567 688 682 752 dicitur
709 687 756 752 ld.
784 686 882 752 Sext:
918 689 1001 753 nihil
1028 689 1127 754 habeo
1152 689 1184 752 de

217 780 294 843 illo
319 777 465 861 amplius.
509 776 558 840 Tu
581 776 676 840 velim
700 776 740 840 ad
763 797 802 840 ea
824 777 904 841 mihi
926 777 1092 861 rescribas,
1114 800 1184 862 quae

239 867 279 931 ad
302 870 334 930 te
358 869 455 929 antea
478 865 604 949 scripsi:
628 863 707 927 mihi
723 867 857 954 ,tantum
877 867 1033 946 temporis
1048 868 1124 931 satis
1136 872 1185 944 est,

221 955 324 1038 dum,
346 955 430 1018 utin
452 953 599 1036 pessimis
613 952 718 1036 rebus,
740 952 864 1036 aliquid
876 975 1016 1037 caveam,
1040 955 1093 1039 qui
1115 955 1186 1018 nihil

238 1064 391 1132 umquem
414 1042 493 1108 cavi.
538 1041 628 1106 Vale.
664 1059 709 1106 X1.
732 1041 803 1106 Kal.
832 1039 942 1108 Sextil.

685 1235 756 1299 XX.

240 1357 304 1413 Ser:
316 1357 459 1412 Brundisii
478 1373 503 1412 a.
522 1355 548 1410 d.
568 1355 640 1410 XVI.
660 1355 800 1410 Kalendas
820 1355 997 1426 Septembres
1017 1373 1041 1412 a.
1057 1377 1083 1413 u.
1099 1374 1120 1412 c.
1136 1364 1186 1412 707.

532 1461 660 1516 CICERO
672 1460 814 1518 'ATTICO
834 1461 909 1518 SAL.

213 1595 225 1633 r
305 1590 386 1638 xvn.
400 1573 439 1636 K.
455 1571 657 1656 Septembres
680 1574 813 1635 venerat
834 1572 885 1638 die
908 1590 1025 1638 xxvm.
1047 1569 1186 1637 Seleucea

238 1659 344 1726 Pieria
366 1658 400 1725 O.
415 1660 603 1743 Trebonius,
626 1659 681 1743 qui
698 1680 730 1723 se
745 1658 945 1727 Antiocheae
969 1661 1089 1725 diceret
1110 1660 1184 1744 apud

239 1747 409 1814 Caesarem
436 1749 552 1814 vidisse
580 1747 736 1824 Quintum
763 1748 865 1812 filium
891 1769 964 1813 cum
987 1748 1108 1832 Hirti03
1137 1771 1183 1813 eos

239 1838 278 1901 dc
293 1835 423 1921 Quinto,
446 1859 527 1920 quae
540 1837 727 1919 voluissent,
743 1835 941 1920 impetrasse,
963 1838 1054 1902 nullo
1068 1837 1182 1922 quiden

238 1926 384 2011 negotio:
417 1927 502 2009 quod
525 1946 585 2010 ego
609 1925 712 2009 magis
743 1925 930 2008 gauderem,
958 1926 985 1989 si
1011 1927 1076 1990 ista
1101 1925 1181 1990 nobis

238 2015 410 2099 impetrata
439 2015 613 2098 quidquam
645 2013 685 2077 ad
715 2033 805 2096 spem
837 2013 994 2097 explorati
1025 2013 1181 2092 haberent,

239 2104 294 2168 sed
318 2107 351 2168 et
374 2103 437 2167 alia
458 2102 601 2166 timenda
631 2101 770 2166 suntab
794 2101 867 2166 aliis
890 2105 935 2185 et,
967 2102 1008 2166 ab
1036 2102 1097 2168 hoc
1122 2103 1180 2186 ipso

239 2213 321 2275 quae
344 2192 470 2273 dantur,
493 2193 530 2254 ut
553 2213 572 2254 a
594 2189 740 2271 domino,
763 2211 874 2254 rursus
897 2191 932 2254 in
956 2191 1097 2256 eiusdem
1118 2193 1180 2254 sunt

212 2282 408 2363 epotestate.
453 2278 563 2342 Etiam
587 2276 739 2342 Sallustio
762 2277 901 2361 ignovit:
924 2279 1057 2344 omnino
1081 2279 1180 2344 dieitur

239 2368 361 2431 nemini
375 2387 502 2452 negare,
525 2366 610 2450 quod
624 2366 731 2449 ipsum
745 2369 794 2429 est
815 2370 1007 2450 suspectum,
1030 2369 1179 2432 notionem

240 2455 308 2518 eius
341 2455 468 2518 differri.
513 2454 556 2519 M.
584 2453 706 2518 Gallius
735 2451 771 2528 Q.
798 2453 820 2517 f.
852 2456 1012 2538 mancipia
1045 2454 1179 2520 Sallustio

239 2541 390 2607 reddidit:
413 2543 441 2607 is
456 2544 552 2626 venit,
574 2545 611 2606 ut
633 2543 776 2626 legiones
790 2543 825 2606 in
840 2541 980 2607 Siciliam
1002 2545 1180 2609 traduceret:

241 2651 279 2695 eo
301 2631 450 2715 protinus
472 2632 593 2695 iturum
608 2628 777 2694 Caesarem
791 2629 910 2714 Patris3
935 2631 1020 2714 quod
1042 2631 1070 2697 si
1092 2632 1180 2711 faciet,

241 2739 318 2804 ego,
350 2719 435 2802 quod
463 2723 538 2783 ante
565 2719 708 2801 mallem,
740 2718 846 2802 aliquo
874 2720 1006 2803 propius
1039 2720 1180 2785 accedam.

242 2807 327 2872 Tuas
349 2809 473 2872 litteras
497 2807 537 2870 ad
558 2828 621 2890 eas,
644 2807 759 2889 quibus
773 2829 793 2870 a
806 2811 838 2870 te
861 2808 1004 2890 proxime
1028 2807 1180 2874 consilium

241 2897 354 2980 petivi,
385 2895 590 2960 vehementer
613 2899 771 2978 exspecto.
807 2893 897 2958 Vale,
932 2894 1180 2978 xv1.Kal.sep-

240 2985 389 3049 tembres.

678 3105 765 3169 XXI.

243 3207 300 3264 Scr.
325 3209 466 3264 Brundisii
485 3226 509 3264 a.
529 3209 554 3264 d.
578 3209 624 3264 Vl.
644 3207 784 3263 Kalendas
808 3207 985 3278 Septembres
1004 3226 1028 3263 a.
1049 3225 1075 3264 u
1095 3227 1116 3264 c.
1135 3213 1180 3262 III.

533 3313 662 3370 CICERO
681 3313 815 3370 ATTICO
835 3313 910 3368 SAL.

310 3421 430 3508 Accepi
452 3440 496 3487 VI.
511 3424 582 3488 Kal.
597 3422 683 3507 Sept.
705 3425 829 3488 litteras
853 3446 873 3487 a
895 3427 926 3489 te
950 3424 1043 3490 datas
1057 3423 1181 3490 xl1.Kal.

245 3508 463 3595 doloremque,
505 3534 599 3596 quem
637 3535 675 3576 ex
707 3511 819 3588 Quinti
855 3515 972 3578 scelere
1011 3513 1182 3599 iampridem
