2582 3980
233 232 491 290 EPISTOLARUM
509 233 559 288 AD
577 232 743 293 cumcun
761 233 834 290 XVI.
856 241 879 290 1.
898 241 923 290 2.
992 233 1056 300 579

97 377 163 448 elia
185 377 274 444 fama
296 379 332 444 in
353 377 407 444 liis
427 377 507 444 locis
529 377 648 461 fuerat,
678 378 734 444 sed
757 399 830 446 cum
852 379 924 446 eliis
947 381 1057 446 multis

96 467 161 532 boo
183 465 361 533 ferendum
396 465 531 534 Erotem
553 467 662 532 remisi
685 467 793 552 citius,
820 489 916 552 quum
938 463 1057 536 'consti

96 560 234 639 tueram,
257 559 295 620 ut
317 559 410 639 esset,
433 555 489 640 qui
510 553 702 640 Hortensio,
725 559 759 620 et
781 556 856 640 quis
876 557 899 637 †
922 559 1058 642 equibus

97 643 230 728 quidem
252 645 299 709 uit
319 665 355 710 se
377 642 489 710 Idibus
513 645 727 710 constituisse.
764 643 958 711 Hortensius
981 668 1057 713 vero

97 732 317 818 impudenter,
347 732 430 798 nihil
461 732 547 798 enim
580 732 713 799 debetur
745 733 774 799 ci
801 733 865 800 nisi
896 755 935 799 ex
962 736 1058 800 tertis

96 820 265 907 pensione,
288 843 369 906 quse
392 823 442 887 est
459 821 531 886 Kal.
546 819 640 906 Sext,
662 843 701 888 ex
714 844 788 908 qua
810 823 965 907 pensione
987 825 1059 908 ipsa

97 909 205 976 maior
226 931 302 994 pars
326 913 376 974 est
398 910 428 974 ei
447 910 557 988 soluta
584 911 750 996 aliquanto
774 915 850 978 unte
873 911 972 996 diem3
1003 913 1059 978 sed

97 999 162 1064 hoc
186 997 270 1064 Eros
292 998 414 1064 videbit
435 997 557 1064 Idibus.
598 998 648 1064 De
671 999 809 1066 Publilio
833 1005 950 1085 eutem,
973 1000 1059 1085 quod

97 1087 256 1172 perscribi
279 1089 416 1172 oportet,
437 1108 563 1152 moram
584 1108 652 1154 non
674 1091 754 1172 putu
773 1110 841 1155 csse
864 1089 1059 1173 faciendsm3

99 1175 170 1262 sed,
203 1197 302 1261 quum
323 1175 447 1259 videus,
478 1180 636 1260 quantum
659 1177 698 1242 de
726 1178 795 1242 iure
817 1181 930 1243 nostro
953 1178 1059 1244 deces-

99 1265 251 1349 serimus,
282 1263 338 1348 qui
365 1265 404 1329 de
430 1264 566 1330 residuis
593 1282 688 1340 ,cccc
711 1264 776 1347 HS.
799 1283 849 1333 uu.
877 1268 1076 1350 praesentia⁴

100 1351 305 1436 solverimus,
335 1354 460 1438 relique
481 1354 707 1440 rescribemus,
739 1355 829 1440 loqui
852 1376 925 1420 eum
948 1377 1000 1440 eo,
1032 1357 1059 1422 si

98 1441 161 1506 tibi
184 1441 353 1526 videbitur,
374 1443 506 1527 poteris,
527 1464 601 1508 eum
615 1444 819 1510 commodum
836 1448 984 1510 nostrum
1008 1466 1059 1510 ex·

99 1533 248 1615 spectare
280 1530 408 1615 debere,
440 1552 539 1615 quum
569 1535 664 1597 tanta
695 1533 738 1598 sit
764 1555 784 1598 a
810 1533 905 1598 nobis
936 1534 1060 1600 iectura

99 1618 189 1686 faeta
211 1619 298 1684 iuris.
344 1617 420 1703 Sed,
443 1620 558 1685 amabo
581 1624 623 1704 te,
645 1621 691 1685 mi
712 1620 830 1705 Attice,
854 1657 897 1668 -—
915 1623 1086 1708 ·videsne,r

100 1730 199 1794 quam
222 1708 363 1774 blando?
377 1745 419 1756 -
443 1709 552 1774 omnia
574 1713 696 1794 nostra,
718 1711 824 1795 quoad
847 1711 910 1776 eris
928 1710 1060 1796 Romae,

99 1797 149 1862 ita
163 1797 278 1882 gerite,
291 1796 405 1884 regite,
425 1797 615 1883 gubernato,
637 1801 675 1864 nt
687 1799 770 1865 nihil
784 1821 804 1863 e
817 1821 867 1866 me
880 1804 1059 1884 exspectssr

99 1907 299 1972 quamquam
321 1886 408 1952 enim
429 1887 553 1971 reliqua
575 1887 654 1954 satis
677 1891 754 1970 apto
777 1888 912 1952 suntad
935 1889 1059 1954 solven-

99 1973 189 2058 dum,
210 1977 321 2039 brnen
334 1975 372 2040 tit
385 1997 489 2060 saepe,
511 1979 550 2040 ut
566 1975 599 2059 ii,
621 1976 677 2060 qui
691 1976 817 2058 debent,
838 1997 907 2040 non
927 1997 1061 2061 respon·

100 2063 202 2128 deant
215 2063 256 2128 ad
278 2066 420 2147 tempus3
443 2063 470 2128 si
485 2063 561 2148 quid
575 2063 731 2130 eiusmodi
747 2063 907 2148 acciderit,
927 2063 1060 2149 nequid

99 2151 163 2216 tibi
186 2151 229 2218 sit
250 2152 339 2218 fame
356 2173 429 2218 mea
450 2151 572 2237 potius:
595 2173 664 2217 non
677 2152 773 2220 modo
787 2173 927 2236 versure,
949 2174 1061 2218 verum

101 2241 202 2306 etiam
223 2240 422 2325 venditione,
453 2241 482 2306 si
503 2241 551 2306 ita
572 2262 624 2306 res
647 2245 755 2327 coget,
785 2262 846 2308 nos
873 2241 1062 2308 vindicabis.

101 2327 207 2394 Bruto
238 2333 314 2396 tuae
340 2330 467 2396 litterae
495 2334 607 2414 gratem
638 2331 747 2412 erant3
776 2329 826 2395 fui
857 2330 943 2394 enim
975 2329 1087 2414 apude

101 2419 196 2484 illurn
223 2419 341 2485 multas
373 2418 470 2484 horos
497 2419 534 2484 in
559 2417 692 2502 Neside,
723 2439 822 2502 quum
848 2418 958 2502 psello
986 2422 1061 2483 ante

100 2512 177 2574 tuas
200 2508 326 2573 litteras
348 2507 532 2592 accepisset.
565 2507 726 2572 Delectari
748 2506 829 2572 mihi
852 2505 953 2573 Tereo
975 2507 1061 2572 vide·

101 2595 201 2662 batur
236 2600 269 2661 et
307 2596 428 2662 habere
463 2596 617 2661 maiorem
647 2594 746 2661 Accio
783 2615 880 2680 quem
915 2594 1061 2662 Antonio

103 2685 259 2772 gratiam3
294 2685 374 2763 mihi
405 2688 514 2749 autern
544 2705 603 2768 quo
635 2683 772 2750 laetiora
797 2688 888 2769 sunt,
924 2706 962 2750 ee
989 2686 1062 2770 plus

104 2773 264 2844 stomachi
278 2777 310 2840 et
327 2773 493 2839 molestiae
508 2777 558 2838 est
578 2773 736 2858 populum
748 2772 933 2838 Romanum
946 2794 1062 2838 munus

103 2885 180 2929 suas
207 2884 276 2928 nou
301 2862 337 2928 in
363 2861 565 2928 defendenda
590 2883 624 2926 re
651 2860 795 2946 publica,
826 2861 882 2926 sed
910 2861 945 2926 in
972 2862 1061 2945 plau-

104 2951 210 3030 dendo
243 2972 443 3018 consumere:
475 2950 555 3018 mihi
587 2950 716 3036 quidem
746 2951 896 3016 videntur
926 2949 1062 3040 istorum

104 3039 206 3106 animi
236 3039 365 3106 incendi
396 3041 493 3106 etiam
530 3039 571 3104 ad
606 3037 912 3125 repraesentandum
944 3038 1062 3125 impru-
1151 3057 1152 3060 ’

105 3130 241 3194 bitatem
268 3150 372 3212 suamc
404 3129 459 3195 sed
486 3132 597 3194 tamen
627 3125 819 3213 „dummodo
847 3127 978 3192 doleant
1006 3127 1062 3190 ali·

105 3219 198 3303 quid,
234 3218 366 3284 doleant
397 3215 579 3303 quidlibet.“
622 3213 802 3283 Consilium
833 3236 941 3280 meum
978 3214 1090 3299 quode

177 3375 228 3446 Ep.
248 3381 273 3444 2,
294 3382 317 3430 1.
349 3374 699 3444 opetu***e,pobso
717 3371 801 3442 (Wll
833 3371 943 3441 etquis
966 3371 1063 3427 Publi·

106 3447 144 3501 lie
162 3446 248 3516 (Or.)?
271 3447 316 3502 An
329 3451 355 3500 ct
372 3447 467 3516 †puia
485 3445 604 3516 mustus,
622 3443 698 3499 utin
716 3445 810 3516 quiae
827 3459 930 3498 nomen
949 3442 1063 3512 aliquod

106 3533 157 3588 per
174 3523 200 3572 et
217 3535 281 3572 cum
294 3516 442 3573 Hortensio
461 3517 623 3588 copulatum
640 3515 746 3572 lateat?
783 3520 807 3569 3.
827 3515 970 3584 accepisset
987 3513 1062 3584 (Or).

107 3591 265 3659 accepissem
283 3589 377 3659 vulgo.

847 3678 903 3730 87*
