2574 3966
228 245 294 309 428
514 221 551 298 ri.
572 243 694 298 runnu
712 243 902 300 crcaaorus

227 392 384 474 quantum
406 387 458 453 his
480 389 679 472 temporibus
702 392 770 452 tam
790 388 922 453 cruditis
945 388 1014 453 ficri
1035 385 1198 472 potuerit,

226 477 371 563 profecto
399 478 489 542 illam
517 477 711 542 consecrabo
739 477 827 541 omni
854 497 971 562 genere
998 497 1198 541 monumen-

226 571 334 630 torum
357 565 398 630 ab
413 565 558 631 omnium
571 565 710 650 ingeniis
730 569 931 650 sumptorum
945 569 979 629 et
991 563 1199 630 Graecorum

228 658 260 719 ct
273 653 478 718 Latinorum:
498 675 579 738 quae
592 675 644 718 res
658 654 796 718 forsitan
811 654 854 717 sit
866 653 1057 718 refricatura
1070 654 1198 718 vulnus

227 764 347 826 meum3
371 743 426 806 sed
449 742 514 806 iam
537 742 629 826 quasi
650 745 726 807 voto
746 742 885 826 quodam
900 745 932 806 ct
953 743 1118 828 promisso
1144 761 1199 805 mc

227 830 331 896 teneri
354 835 433 914 puto
456 831 653 915 longumque
667 829 747 895 illud
761 834 898 916 tempus,
920 853 1021 916 quum
1043 853 1115 896 non
1130 851 1200 912 ero,

228 919 333 1005 magis
364 941 415 984 me
445 922 553 984 movet
580 935 677 1002 quam
703 918 766 983 hoo
794 919 958 1004 exiguum,
990 919 1078 1002 quod
1111 917 1199 982 milii

227 1012 337 1072 tamen
364 1007 500 1072 nimium
526 1008 660 1092 longum
688 1006 827 1072 videtur:
859 1008 964 1085 habeo
994 1007 1082 1072 enim
1109 1006 1199 1072 nihil

227 1097 361 1161 tentatis
388 1097 484 1160 rebus
514 1097 678 1179 omnibus,
708 1097 829 1180 inquo
858 1097 1074 1180 acquiescam
1105 1117 1199 1177 nam,

229 1184 307 1250 dum
336 1184 416 1248 illud
447 1183 640 1268 tractabam,
671 1184 711 1249 de
738 1206 802 1268 quo
834 1183 875 1249 ad
901 1188 935 1249 tc
962 1187 1040 1249 ante
1069 1183 1198 1268 scripsi,

229 1272 321 1357 quasi
349 1272 500 1338 fovebam
529 1273 655 1338 dolores
687 1294 789 1357 meos,
820 1293 908 1338 nunc
936 1273 1046 1338 omnia
1074 1293 1195 1358 respuo

228 1382 289 1426 nec
312 1361 486 1446 quidquam
507 1361 612 1426 habco
635 1361 835 1426 tolerabilius
854 1381 951 1445 quam
974 1361 1195 1444 solitudinem,

229 1471 335 1535 quam,
358 1449 444 1534 quod
468 1471 556 1514 cram
578 1449 708 1533 veritus,
729 1471 797 1514 non
812 1449 999 1514 obturbavit
1011 1449 1195 1535 Philippus,

229 1560 314 1623 nam,
336 1538 466 1602 utheri
488 1559 539 1602 me
556 1538 718 1620 salutavit,
741 1537 851 1602 statin'r
864 1537 1003 1602 Romam
1024 1539 1194 1624 profectus

203 1629 287 1690 aest.
317 1625 509 1710 Epistolam,
531 1647 628 1710 quam
651 1627 692 1690 ad
704 1625 852 1710 Brutum,
874 1629 911 1691 ut
932 1625 994 1691 tibi
1015 1627 1194 1711 placuerat,

230 1714 528 1866 {luptattll
543 1717 592 1866 ll
614 1714 851 1888 utillud
873 1718 931 1867 t
949 1715 1193 1889 dlflllldlid

204 1893 330 1974 sceret,
351 1911 393 1954 ne
416 1891 568 1955 mitteres.
613 1889 799 1956 Domestica
821 1854 908 1975 qdod
917 1853 977 1956 'ais
1001 1892 1117 1957 ordine
1139 1893 1193 1957 ad·

230 1979 417 2062 ministrari,
439 1979 567 2064 scribes,
590 2000 672 2063 quae
686 1980 752 2043 sint
774 2001 825 2062 ca3
849 1980 1006 2064 quaedam
1030 1981 1120 2045 enim
1142 2003 1192 2045 ex·

231 2071 351 2152 specto.
378 2064 530 2133 Cocceius
544 2067 671 2132 vidone
691 2067 877 2151 frustratum
900 2090 986 2152 nam,
1007 2067 1092 2134 Libo
1107 2070 1192 2155 quod

231 2155 415 2242 pollicetur,
438 2159 475 2220 ut
496 2155 580 2221 llros
604 2155 723 2238 scribit,
745 2177 813 2221 non
834 2156 993 2222 incertum
1016 2160 1107 2242 puto.
1143 2158 1192 2230 Dc

232 2248 318 2309 sorte
340 2265 413 2309 mea
436 2242 577 2328 Sulpicio
600 2243 728 2309 confido
752 2247 785 2308 ct
806 2243 950 2330 Egnatio
973 2247 1105 2311 scilicet
1143 2246 1192 2312 De
1238 2246 1242 2258 '

230 2331 392 2415 Appuleio
416 2333 493 2415 quid
511 2333 660 2416 estquod
682 2332 819 2417 labores,
840 2355 939 2418 quum
962 2334 1006 2398 sit
1027 2337 1193 2401 excusatio

205 2419 359 2485 efacilis?
404 2419 479 2484 Tibi
500 2421 541 2486 ad
563 2442 616 2485 me
644 2421 767 2505 venire,
798 2425 835 2486 ut
862 2422 1019 2506 ostendis,
1050 2422 1125 2487 vide
1152 2445 1194 2488 ne

232 2528 300 2572 non
323 2508 365 2571 sit
386 2508 494 2592 facilc,
517 2512 566 2573 cst
582 2509 668 2573 enim
689 2510 825 2594 longum
836 2507 899 2574 iter
912 2511 1194 2596 discedentemque

232 2599 281 2679 te,
303 2595 390 2679 quod
412 2596 557 2662 celeriter
578 2597 639 2661 tibi
662 2598 723 2662 erit
744 2597 883 2663 fortasse
904 2599 1103 2684 faciendum,
1126 2622 1194 2667 non

233 2683 303 2747 sine
325 2702 445 2768 magno
469 2684 578 2750 dolore
601 2685 775 2768 dimittam3
807 2686 862 2751 sed
886 2687 1007 2772 omnia,
1035 2692 1073 2753 ut
1095 2689 1194 2774 uoles,

233 2792 294 2858 ego
308 2771 403 2855 enim,
425 2772 580 2857 quidquid
592 2774 716 2858 feceris,
737 2773 771 2838 id
785 2796 884 2860 quum
897 2779 992 2861 recte,
1009 2777 1082 2841 tum
1096 2779 1194 2843 etium

232 2882 305 2925 mea
327 2881 425 2925 eausa
445 2861 568 2925 factum
591 2863 723 2948 putabo.

629 3037 751 3104 XVIII.
765 3063 793 3106 a.

392 3155 450 3214 Sor.
468 3159 587 3214 Asturae
605 3177 700 3215 mense
718 3160 820 3215 Martio
839 3177 864 3216 a.
882 3179 910 3216 u.
929 3178 951 3217 c.
972 3167 1033 3220 ⁷09.

502 3264 652 3338 OIOERQ
669 3265 820 3326 ATTICO
837 3265 921 3322 SAL.

207 3388 219 3426 1
298 3371 393 3456 Heri,
419 3395 518 3456 quum
548 3395 587 3440 ex
610 3373 745 3438 aliorum
767 3375 883 3440 litteris
906 3379 1133 3461 cognovissem
1156 3379 1193 3444 dc

233 3457 370 3526 Antonii
393 3460 543 3545 adventu,
565 3461 741 3526 admiratus
765 3484 837 3526 sum
859 3463 942 3528 nihil
964 3485 1034 3529 esse
1056 3465 1095 3531 in
1116 3468 1193 3552 tuIs3

287 3559 355 3650 Ἐρ.
376 3586 417 3650 18,
437 3587 461 3636 1.
475 3583 598 3651 potuerit
616 3583 723 3654 (Mla).
737 3584 841 3652 poterit
859 3583 901 3654 R,
919 3583 1014 3656 vulgo.
