2608 3972
229 243 491 302 EPISTOLARUM
507 246 557 301 AD
576 247 739 304 nuncubi
756 249 778 304 Ι.
799 255 840 305 16.
860 256 901 306 1‘1.
1002 251 1045 316 29

91 389 266 455 cuiusmodi
293 391 338 456 sit
361 383 561 474 Ἀμαλθεῑον
586 395 692 478 tuum,
723 415 787 479 quo
819 399 950 480 ornatu,
982 416 1047 482 qua

88 481 285 564 τοποθεσίᾳ,
312 480 359 562 et,
388 500 470 563 quae
493 481 643 564 po‘e'mata
666 503 808 567 quasque
829 483 983 549 historias
1006 485 1045 550 de

85 558 265 652 Ἀμαλθείᾳ
286 566 403 650 habes,
434 567 476 633 ad
498 589 549 633 me
575 568 700 634 mittes:
731 571 811 636 libet
837 571 918 636 mihi
939 572 1045 638 faeere

88 654 122 718 in
151 652 316 739 Arpinati.
365 654 439 740 Ego
468 655 529 721 tibi
565 657 695 742 aliquod
727 659 767 724 de
801 660 881 724 meis
918 661 1045 746 seriptis

88 742 227 808 mittam:
251 743 336 834 nihil
359 748 429 808 erat
451 743 600 834 absoluti.

514 938 620 1005 XVII.

207 1059 267 1114 Sor.
285 1059 391 1115 Romae
410 1059 499 1115 Nonis
517 1059 718 1116 Decembribus
736 1078 761 1116 a.
780 1079 807 1116 u.
827 1078 850 1116 a.
869 1066 930 1118 693.

377 1163 505 1220 CICERO
524 1165 658 1222 ATTICO
677 1165 754 1222 SAL.

152 1274 278 1360 Magna
300 1273 381 1339 mihi
403 1274 542 1340 vanietas
564 1275 742 1341 voluntatis
764 1278 798 1341 et
819 1275 1074 1346 dissimilitudo¹

89 1363 253 1448 opinionis
281 1384 319 1428 ao
345 1361 455 1427 iudioii
478 1362 514 1439 Q.
536 1362 646 1428 fratris
669 1364 733 1429 mei
756 1365 975 1432 demonstrata
998 1371 1048 1432 est

89 1473 126 1516 ex
146 1449 267 1517 litteris
289 1451 370 1534 tuis,
392 1451 427 1516 iu
450 1450 566 1536 quibus
590 1452 631 1517 ad
654 1473 704 1516 me
728 1452 937 1537 epistolarum
959 1455 1047 1521 illius

88 1541 235 1625 exempla
262 1539 394 1605 misisti:
427 1561 490 1624 qua
517 1561 613 1604 exre
636 1543 669 1604 et
690 1541 839 1606 molestia
861 1563 933 1606 sum
954 1545 1048 1608 tanta

88 1629 240 1712 affectus,
271 1631 427 1713 quantam
454 1628 536 1693 mihi
562 1649 652 1694 meus
680 1649 772 1694 amor
799 1650 942 1695 summus
970 1651 1048 1716 erga

87 1721 261 1802 utrumque
288 1720 431 1782 vestrum
459 1717 576 1782 efferre
604 1717 731 1801 debuit,
761 1718 795 1782 et
825 1717 1047 1804 admiratione,

87 1807 246 1890 quidnam
269 1805 447 1889 accidisset,
469 1806 556 1890 quod
579 1805 708 1871 afferret
729 1803 766 1882 Q.
779 1806 874 1871 fratri
895 1828 967 1872 meo
991 1812 1048 1872 eut

87 1895 300 1960 offensionem
326 1897 395 1958 tam
427 1913 558 1979 gravem
586 1897 643 1958 aut
669 1895 953 1960 commutationem
975 1899 1046 1960 tan·

85 1987 153 2049 tam
179 1983 370 2049 voluntatis.
411 1981 520 2067 Atque
546 1983 628 2047 illud
652 2005 671 2048 a
693 2004 744 2047 me
766 1983 832 2048 iam
855 1987 931 2049 ente
952 1985 1046 2050 intel·

85 2071 267 2158 ligabatur,
303 2069 389 2155 quod
420 2075 454 2135 te
486 2093 612 2156 quoque
643 2071 751 2156 ipsum
783 2071 999 2137 discedentem
1027 2094 1049 2138 a

85 2160 181 2225 nobis
205 2159 364 2243 suspicari
386 2159 545 2244 videbam,
567 2158 697 2224 subesse
719 2159 829 2225 neseio
843 2159 921 2244 quid
944 2160 1047 2244 opini-

87 2249 156 2313 onis
180 2247 406 2313 ineommodae
434 2248 640 2332 sauciumque
664 2261 733 2312 esse
756 2247 825 2312 eius
848 2247 992 2312 animum
1013 2252 1048 2313 et

85 2337 245 2401 insedisse
270 2335 428 2421 quasdem
450 2335 578 2401 odiosas
602 2335 814 2420 suspiciones,
842 2335 958 2419 quibus
985 2357 1047 2422 ego

87 2425 208 2491 mederi
232 2445 332 2508 quum
355 2445 505 2508 euperem
528 2429 561 2489 et
584 2428 681 2489 antea
704 2444 800 2507 saepe
823 2425 856 2488 et
877 2423 1046 2490 vehemen-

88 2513 151 2579 tius
174 2512 276 2577 etiam
297 2515 382 2596 postx
395 2513 598 2577 sortitionem
619 2511 813 2597 provinciae,
835 2532 896 2577 neo
917 2515 1047 2579 tantum

88 2601 311 2686 intelligebam
339 2601 369 2666 ei
397 2622 466 2666 esse
497 2600 699 2685 offensionis,
731 2602 889 2684 quantum
919 2600 1046 2667 litterae

88 2695 161 2754 tuae
191 2685 419 2771 'declararunt
454 2709 514 2752 nea
527 2683 532 2692 '
545 2690 672 2752 tantum
708 2689 923 2773 proficiebam,
946 2711 1046 2774 quan·

88 2783 156 2842 tum
180 2776 343 2858 volebam3
371 2776 427 2841 sed
453 2778 564 2842 tamen
589 2775 653 2842 hoo
680 2797 732 2841 me
753 2777 823 2862 ipse
846 2779 1073 2861 oonsolaber,¹

91 2865 174 2950 quod
196 2886 265 2930 non
293 2864 494 2948 dubitabam,
526 2865 606 2949 quin
631 2869 665 2929 te
691 2863 745 2930 ille
773 2869 831 2930 aut
852 2865 1047 2950 Dyauhaohii

92 2955 203 3018 autin
225 2952 297 3018 istis
319 2953 398 3018 loeis
422 2953 548 3036 uspiam
566 2953 693 3019 visurus
716 2956 814 3039 esset,
838 2954 924 3038 quod
947 2975 1046 3037 quum

93 3042 266 3126 aooidisset,
289 3040 490 3106 confidebam
508 3062 546 3106 aa
559 3041 640 3106 mihi
662 3061 884 3125 persuaseram
905 3041 985 3125 fore,
1008 3045 1048 3105 nt

93 3131 198 3196 omnia
219 3131 427 3214 plaoarentur
447 3129 533 3194 inter
547 3151 614 3195 vos·
626 3150 695 3194 non
716 3129 813 3195 modo
838 3148 984 3192 sermone
1008 3148 1046 3192 ao

154 3305 207 3374 Ep.
235 3307 275 3368 16,
302 3307 343 3357 18.
367 3299 482 3368 aliquod
508 3299 586 3368 (W).
612 3299 724 3379 aliquid
749 3298 843 3366 vulgo.
878 3297 929 3377 Pup.
956 3302 996 3374 1¹1,
1024 3305 1048 3354 1.

95 3385 162 3425 soso.
182 3371 243 3426 eius
264 3384 320 3424 esse
341 3367 465 3422 animum
488 3368 575 3436 (W.)?
598 3383 619 3422 s.
638 3383 696 3422 oeus
713 3384 748 3432 a,
769 3381 801 3418 su
822 3380 852 3418 er
869 3379 929 3418 etus
945 3379 999 3418 san
1019 3366 1049 3418 to

97 3454 152 3503 esee,
167 3437 204 3499 Μ.
224 3469 257 3480 -
275 3451 401 3503 capuam
419 3439 444 3488 et
461 3450 487 3490 o.
511 3436 556 3502 (1.,
574 3434 634 3496 ael,
652 3433 749 3486 Ambr.
770 3381 820 3552 135.
846 3429 907 3484 Om.
925 3436 950 3486 et
968 3431 997 3484 M
1030 3470 1046 3496 .,

97 3507 119 3573 β,
135 3505 163 3562 Β.
181 3538 212 3548 -
232 3505 416 3563 secluserunt
428 3499 497 3571 (W.)
509 3502 693 3558 decimarent.
711 3492 776 3552 ΜΒ.
809 3497 933 3554 astarent
944 3497 1046 3553 ItJaol.
