2482 3958
195 241 456 300 EPISTOLARUM
474 243 524 298 AD
542 242 706 299 ATTICUM
723 244 758 298 X.
777 249 802 298 3.
821 248 846 298 4.
937 241 1001 306 349

50 389 93 452 Ae
115 387 305 473 deplorandi
328 388 470 473 quidem,
501 388 587 473 quod
614 388 756 473 quotidie
778 388 928 472 facimus,
960 388 1002 452 111

47 477 108 540 iam
130 477 225 542 nobis
240 480 297 542 aut
310 477 384 541 finis
399 477 541 561 omnino,
564 477 593 541 si
614 480 732 560 potest,
754 479 811 541 out
823 477 1001 544 moderatio

48 565 209 649 quaedam,
232 566 318 649 quod
333 565 478 649 profecto
491 567 615 649 poteet3
635 587 705 630 non
718 565 805 630 enim
817 566 892 650 iam,
904 587 1002 650 quam

49 653 245 737 dignitatem,
267 675 348 738 quos
370 654 525 737 honores,
554 675 649 738 quem
671 653 757 718 vitae
780 656 900 719 statum
924 655 1002 718 ami·

49 743 153 824 serim,
176 743 301 828 cogito,
323 742 378 806 sed
402 742 478 826 quid
501 747 692 808 consecutus
716 742 790 826 sim,
812 741 889 826 quid
911 764 1001 825 prae·

50 830 189 914 stiterim,
212 851 276 914 qua
298 831 334 894 in
355 831 449 896 laude
471 831 614 916 vixerim,
636 831 688 896 hir
708 830 846 914 denique
859 831 895 894 in
908 831 1001 895 malis

49 918 120 1001 quid
142 919 272 984 intersit
293 919 378 984 inter
399 941 451 984 me
473 923 508 983 et
528 920 619 1004 istos,
641 941 722 1004 quos
744 921 878 1003 propter
893 919 1003 982 omnia

50 1007 218 1072 amisimus.
245 1005 290 1072 Hi
304 1011 389 1093 sunt,
411 1007 475 1092 qui,
497 1007 561 1072 nisi
579 1029 630 1073 me
645 1007 774 1072 eivitote
797 1007 1003 1091 expulissent,

50 1095 188 1160 obtinere
212 1117 247 1160 se
269 1117 338 1161 non
359 1099 556 1180 putaverunt
578 1117 673 1180 posse
694 1095 859 1161 licentiam
882 1094 1002 1179 eupidi-

49 1185 149 1248 tetum
171 1205 311 1269 suumn,
333 1206 469 1268 quorum
493 1185 656 1250 societatis
679 1187 713 1248 et
732 1184 905 1248 sceleratae
928 1205 1002 1248 oon·

51 1273 203 1338 sessionis
215 1273 295 1338 fides
310 1295 373 1356 quo
389 1273 538 1358 eruperit,
561 1272 663 1338 vides:
686 1273 768 1336 alter
781 1271 873 1337 ardet
893 1271 1028 1337 furores

52 1363 81 1422 et
101 1362 226 1445 seelera,
249 1382 308 1426 neo
326 1362 463 1426 remittit
485 1361 615 1446 aliquid,
638 1361 743 1426 sedin
765 1360 833 1426 dies
855 1361 1002 1446 ingrate·

53 1449 115 1532 soit,
136 1450 233 1516 modo
247 1449 343 1514 Italia
357 1451 479 1535 expulit
495 1469 648 1534 peneum,
670 1470 758 1514 nune
772 1449 837 1514 elia
850 1471 889 1514 ex
911 1453 1003 1534 parte

52 1539 209 1636 persequi,
231 1560 271 1603 ex
293 1539 357 1603 alia
378 1539 546 1623 provineia
567 1538 744 1622 exspoliare
767 1542 915 1623 conatur,
944 1559 1003 1603 nee

53 1623 111 1689 iam
132 1629 274 1711 reeusat,
301 1626 357 1692 sed
380 1626 616 1729 quodammodo
638 1627 796 1710 postulat,
822 1630 872 1712 ut,
895 1648 1003 1710 quem·

54 1713 218 1779 admodum
241 1677 306 1797 edt,
328 1715 374 1779 sie
397 1715 494 1780 etiam
517 1715 697 1800 appelletur
718 1719 890 1800 tyrannus,
913 1716 1004 1800 alter
1016 1731 1030 1771 ³

54 1799 1004 1977 1111111111111111111111

56 1978 154 2046 aiebat
178 1981 285 2046 faeere
311 2001 418 2064 posse,
450 1981 577 2081 elapsus
607 2002 624 2044 e
652 1981 755 2046 soeeri
785 1980 1004 2044 manibusue

57 2064 135 2133 ferro
156 2069 277 2134 bellum
298 2073 385 2134 terra
407 2072 440 2133 et
461 2069 543 2134 mari
566 2071 740 2152 comperet,
762 2090 830 2133 non
847 2069 1004 2132 iniustum

58 2152 105 2219 ille
118 2158 254 2242 quidem,
276 2156 333 2221 sed
347 2179 445 2241 quum
466 2157 564 2242 pium,
585 2160 655 2221 tum
669 2157 767 2220 etiam
780 2157 1005 2240 necessarium,

59 2244 117 2310 suis
137 2250 247 2311 temen
270 2246 392 2310 civibus
415 2246 588 2330 exitiabile,
610 2245 674 2310 nisi
696 2245 817 2328 viserit,
840 2245 1004 2311 calamito-

59 2350 134 2418 sum,
163 2334 291 2400 etiamsi
317 2334 437 2398 viserit.
481 2333 608 2399 Horum
634 2354 695 2419 ego
726 2355 924 2398 summorum
946 2333 1028 2397 im·⁴

60 2427 233 2500 paratorum
255 2443 323 2487 non
345 2421 506 2487 moderes
527 2426 635 2508 gestas
648 2444 716 2488 non
730 2424 893 2506 antepono
916 2423 1006 2506 meis,

60 2510 108 2574 sed
120 2532 159 2575 ne
172 2513 338 2576 fortunam
352 2510 481 2594 quidem
494 2511 606 2595 ipsam,
630 2532 693 2594 qua
706 2511 754 2575 illi
769 2510 1005 2595 florentissime,

60 2613 112 2662 nos
137 2600 264 2666 duriore
291 2599 467 2664 oonfliotati
492 2599 651 2682 videmur3
682 2600 754 2684 quis
785 2599 872 2665 enim
898 2603 1006 2683 potest

61 2690 110 2750 aut
130 2688 256 2754 deserta
276 2708 334 2772 per
347 2709 381 2752 se
404 2688 508 2772 patria
523 2691 580 2752 aut
602 2709 755 2772 oppressa
776 2688 891 2756 beatus
914 2688 1005 2753 esse?

62 2775 147 2860 etsi,
168 2781 205 2841 ut
226 2798 288 2841 nos
311 2797 331 2840 a
352 2779 385 2840 te
408 2776 630 2877 admonemur,
658 2776 781 2841 reete'
771 2798 806 2840 m
828 2776 892 2841 illis
914 2777 1006 2841 libris

62 2827 188 2930 diximus
209 2865 293 2930 nihil
316 2864 568 2930 essebonum
535 2865 699 2948 urs1quod
721 2865 903 2946 honestum,
923 2863 1007 2928 nihil

62 2952 171 3018 malum
192 2954 257 3017 nisi
279 2954 364 3036 quod
391 2957 485 3037 turpe
513 2951 568 3037 111,
597 2957 682 3018 certe
709 2955 844 3036 uterque
870 2913 1006 3018 istorum

63 3042 105 3102 est
136 3041 345 3125 miserrimus,
385 3063 522 3126 quorum
557 3002 684 3125 tetrique
721 3061 848 3125 semper
882 3040 1006 3126 patriae

63 3127 193 3194 salust
161 3153 177 3194 e
178 3129 352 3216 tdignitas
374 3129 534 3214 posterior
548 3151 606 3194 sue
620 3129 839 3194 dominatione
853 3131 886 3192 et
899 3128 1006 3194 dome·

63 3215 140 3282 atieis
166 3217 342 3283 commodis
370 3217 441 3283 fuit.
486 3217 655 3282 Praeclara
683 3217 784 3302 igitur
810 3217 1033 3282 eonscientiae

124 3443 212 3514 Ep.4,
229 3452 252 3500 1
270 3447 351 3501 mdes
368 3447 436 3516 qued
455 3446 510 3514 (W
525 3448 554 3501 et
567 3445 678 3514 Klotz)
695 3444 885 3515 m.,.pvnlgo.
919 3450 1007 3499 211·

64 3489 531 3658 qluliwmorrumussiffiffieggr
536 3515 717 3657 effigulgo.
745 3522 770 3569 3.
789 3516 1008 3571 ieiunumillud
