2484 3974
183 207 442 264 EPlS'l'OLARUlt
459 207 512 261 AD
528 206 695 262 Arrloun
713 208 761 264 IX.
781 215 824 263 10.⁴
844 213 884 262 11.
948 205 1013 270 327

57 352 197 436 ostendi,
228 375 312 437 earn,
344 352 434 417 cuius
466 354 646 436 exemplum
678 352 719 417 ad
748 355 782 418 te
810 355 906 418 aulea
932 351 1014 434 misi,

56 441 246 526 rogavique,
267 444 306 505 ut
326 440 606 524 interpretaretur,
633 440 710 524 quid
732 443 829 526 esset,
852 440 938 526 quod
959 439 1013 504 ille

56 529 219 613 scriberet,
241 529 376 595 consilio
391 549 462 594 meo
477 549 510 594 se
526 529 576 594 uti
597 529 687 613 velle,
710 529 824 614 gratia,
847 529 1014 614 dignitate,

55 639 110 700 ope
134 618 285 682 omnium
305 639 425 681 rerum:
447 617 615 701 respondit
628 638 662 681 se
675 639 743 682 non
757 616 913 701 dubitare,
935 617 1014 701 quin

55 709 84 770 et
109 727 211 788 opem
239 708 272 770 et
299 704 437 790 gratiam
468 727 574 769 meam
605 705 659 769 ille
687 705 727 769 ad
758 705 1015 789 pacificationem

55 797 232 876 quaereret.
266 792 402 858 Utinam
414 792 450 857 in
463 792 525 858 hac
538 793 669 878 aliquod
691 793 820 858 miseria
841 793 889 858 rei
901 793 1014 877 ,publi-

55 902 106 946 cae
132 876 312 949 πολιτικὸν
338 903 419 964 opus
447 881 573 951 efficere
600 885 632 946 et
657 903 782 953 narare·
804 881 884 946 mihi
905 881 1014 945 liceat!

54 969 173 1036 Matius
204 969 334 1056 quidem
360 970 511 1038 stillum
537 971 572 1035 in
600 991 638 1034 ea
665 971 826 1035 sententia
848 991 917 1037 esse
940 990 1014 1034 eon·

55 1057 174 1124 fidebat
208 1061 242 1124 et
274 1079 307 1122 se
339 1062 502 1125 auctorem
533 1057 603 1124 fore
635 1058 854 1143 pollicebatur.
907 1056 1041 1122 Pridier
1100 1122 1103 1129 ,

56 1151 159 1210 autem
185 1147 274 1231 apud
296 1168 347 1210 me
361 1145 525 1231 Crassipes
548 1146 663 1228 fuerat,
685 1147 792 1236 quise
814 1147 916 1236 pridie
930 1143 1015 1210 Non.

56 1233 190 1299 Martias
221 1233 395 1300 Brundisio
422 1235 603 1322 profectum
631 1239 727 1319 atque
754 1234 800 1299 ibi
826 1233 1014 1320 Pompeium

57 1323 222 1408 reliquisse
247 1323 385 1407 dicebat,
417 1323 503 1407 quod
525 1324 636 1406 etiam,
658 1324 713 1409 qui
735 1341 804 1388 vm.
826 1322 904 1388 Idus
926 1323 1015 1387 illinc

57 1409 192 1494 profecti
216 1414 324 1496 erant,
350 1410 561 1495 nuntiabant3
592 1411 692 1490 'silla
718 1433 794 1476 vero
824 1433 949 1496 omnes,
980 1411 1015 1475 in

57 1497 171 1582 quibus
187 1500 287 1564 etiam
301 1497 476 1586 Crassipes,
497 1500 518 1579 †
532 1500 587 1588 qui
601 1500 773 1584 prudentia
789 1501 898 1587 potius
912 1503 1015 1564 atten-

59 1585 137 1671 dere,
159 1609 328 1654 sermones
344 1588 494 1672 minaces,
516 1587 663 1654 inimicos
678 1589 890 1678 optimatium,
912 1589 1015 1654 muni·

59 1674 215 1760 cipiorum
228 1676 349 1761 hostes,
370 1697 475 1741 meras
495 1677 756 1762 proscriptiones,
777 1699 882 1743 meros
898 1675 1016 1760 Sullam

61 1783 136 1846 quae
160 1764 336 1830 Lucceium
362 1765 465 1849 loqui,
493 1786 575 1850 quae
601 1769 705 1831 totam
728 1763 907 1850 Graeciam,
934 1786 1016 1850 quae

60 1872 130 1918 sero
160 1851 418 1937 Theophanem?
462 1852 508 1917 Et
533 1856 645 1918 tamen
670 1855 775 1920 omnis
802 1875 875 1938 spes
903 1853 1042 1919 salutisa

60 1938 177 2041 inillis
201 1944 253 2006 est
275 1944 308 2006 et
330 1962 391 2026 ego
415 1941 535 2006 excubo
557 1941 664 2008 auimo
687 1964 747 2007 uec
770 1945 894 2028 partem
916 1943 1016 2007 ullam

61 2032 365 2184 lltsltettt
391 2029 1016 2202 tessaradecas

63 2198 256 2290 Scipionem,
288 2187 364 2290 qdid
385 2204 556 2290 Faustum,
589 2205 666 2290 quid
689 2205 846 2271 Libonem
875 2208 1017 2289 praeter·

62 2291 234 2360 missurum
266 2293 393 2358 sceleris
425 2297 537 2378 putas,
569 2315 705 2377 quorum
737 2293 909 2359 creditores
942 2314 1016 2359 oon·

64 2381 166 2448 venire
190 2381 364 2447 dicuntur?
387 2382 463 2466 quid
487 2404 541 2446 eos
565 2385 681 2467 autem,
704 2404 803 2466 quum
816 2381 960 2467 vicerint,
981 2382 1018 2446 in

62 2467 142 2534 cives
182 2470 377 2535 effecturos?
413 2492 510 2554 quam
545 2492 620 2536 vero
657 2472 880 2556 μικροψυχίαν
915 2469 1018 2535 Gnaei

64 2559 162 2622 nostri
185 2558 277 2624 esse?
300 2559 455 2623 nuntiant
467 2557 654 2644 Aegyptum
677 2563 710 2623 et
729 2557 885 2624 Arabiam
908 2553 1018 2625 stoac-

62 2665 145 2740 μονα
159 2651 193 2712 et
207 2649 470 2732 Μεσοποταμίαν
487 2649 638 2733 cogitare,
660 2647 681 2726 †
703 2648 739 2711 in
755 2645 949 2733 Hispaniam
963 2649 1017 2713 ab·

64 2732 180 2802 recisse.
217 2733 364 2800 Monstra
386 2737 534 2819 narrant,
562 2757 643 2820 quae
665 2735 750 2800 falsa
776 2757 845 2800 esse
867 2740 1018 2822 possunt3

65 2818 115 2884 sed
137 2825 224 2888 certe
247 2822 381 2888 ethaeo
404 2823 530 2909 perdita
552 2827 628 2888 sunt
641 2825 743 2888 etilla
764 2845 832 2889 non
856 2825 1017 2889 salutaria.

64 2902 145 2974 Tuas
176 2911 302 2976 litteras
334 2911 399 2976 iam
431 2911 590 2977 desidero:
621 2915 698 2997 post
727 2911 840 2998 fugam
871 2915 1018 2978 nostram

83 3180 88 3193 .
131 3115 182 3186 Ep.
204 3121 248 3199 tl,
256 3121 280 3170 2.
299 3117 331 3170 ia
343 3116 394 3172 bae
407 3114 520 3186 aliquod
535 3113 652 3184 (Mna).
672 3109 773 3169 αίοίι.
785 3109 894 3180 (e.,B.)?
913 3116 937 3165 3.
948 3127 1019 3168 aaa·

67 3183 185 3305 ίὲαοααίς
202 3187 283 3244 susac
300 3187 355 3256 (W.
375 3188 404 3242 et
420 3185 562 3256 Kayser.)?
582 3213 614 3225 -
635 3182 690 3250 Ga,
707 3197 776 3271 quae
788 3185 919 3252 portento
930 3185 1019 3272 putas

65 3250 850 3406 llil“tmttt‘ttl'lotettltt‘lltt.
869 3275 962 3412 tttj
982 3261 1016 3371 9:

67 3395 121 3449 eoo.
139 3403 164 3452 et
180 3401 404 3470 Μεσοποταμίαν
423 3401 470 3469 (Ζ.,
493 3418 544 3468 ve,
563 3417 596 3468 α,
615 3399 665 3482 sed
682 3399 752 3453 haec
771 3399 1015 3481 Mesopotamiam).

67 3459 121 3541 (lm.
140 3475 164 3522 et
183 3470 227 3524 Μ.
245 3469 341 3537 Mar,
360 3470 437 3538 Oxx,
456 3471 485 3524 Β.
515 3501 554 3512 η-
585 3485 615 3524 co
633 3474 711 3538 stare,
729 3472 798 3536 tea
815 3469 854 3524 Η.
873 3469 953 3544 (Mt).
984 3487 1017 3538 a,

70 3547 119 3588 ram
134 3537 172 3593 Η.
191 3541 242 3594 aut
258 3556 280 3595 c.
300 3541 366 3604 iam,
384 3539 422 3594 H.
443 3541 528 3610 (W.)?
546 3557 578 3608 α,
630 3582 634 3593 .
654 3539 713 3608 Rt,
731 3539 824 3610 vulgo.
