<?xml version="1.0" encoding="UTF-8"?>
<!DOCTYPE html PUBLIC "-//W3C//DTD XHTML 1.0 Transitional//EN"
    "http://www.w3.org/TR/xhtml1/DTD/xhtml1-transitional.dtd">
<html xmlns="http://www.w3.org/1999/xhtml" xml:lang="en" lang="en">
 <head>
  <title>
</title>
<meta http-equiv="Content-Type" content="text/html;charset=utf-8" />
  <meta name='ocr-system' content='tesseract 3.04.00' />
  <meta name='ocr-capabilities' content='ocr_page ocr_carea ocr_par ocr_line ocrx_word'/>
</head>
<body>
  <div class='ocr_page' id='page_1' title='image "./epistolae01wesegoog_0558.png"; bbox 0 0 2594 3976; ppageno 0'>
   <div class='ocr_carea' id='block_1_1' title="bbox 257 255 931 324">
    <p class='ocr_par' dir='ltr' id='par_1_1' title="bbox 257 255 931 324">
     <span class='ocr_line' id='line_1_1' title="bbox 257 255 931 324; baseline -0.016 0"><span class='ocrx_word' id='word_1_1' title='bbox 257 258 323 324; x_wconf 74' lang='grc'>548</span> <span class='ocrx_word' id='word_1_2' title='bbox 541 258 579 314; x_wconf 83' lang='grc' dir='ltr'>Μ.</span> <span class='ocrx_word' id='word_1_3' title='bbox 598 257 721 314; x_wconf 75' lang='lat' dir='ltr'>TULLII</span> <span class='ocrx_word' id='word_1_4' title='bbox 739 255 931 316; x_wconf 79' lang='lat' dir='ltr'>CICERONIS</span> 
     </span>
    </p>
   </div>
   <div class='ocr_carea' id='block_1_2' title="bbox 232 398 1214 2886">
    <p class='ocr_par' dir='ltr' id='par_1_2' title="bbox 232 398 1214 2886">
     <span class='ocr_line' id='line_1_2' title="bbox 258 398 1196 488; baseline -0.003 -19"><span class='ocrx_word' id='word_1_5' title='bbox 258 425 357 487; x_wconf 82' lang='lat' dir='ltr'>amer,</span> <span class='ocrx_word' id='word_1_6' title='bbox 390 404 499 470; x_wconf 89' lang='lat' dir='ltr'>omnia</span> <span class='ocrx_word' id='word_1_7' title='bbox 526 403 676 470; x_wconf 83' lang='lat' dir='ltr'>videntur</span> <span class='ocrx_word' id='word_1_8' title='bbox 701 403 822 470; x_wconf 86' lang='lat' dir='ltr'>insulse</span> <span class='ocrx_word' id='word_1_9' title='bbox 851 404 929 470; x_wconf 88' lang='lat' dir='ltr'>fieri.</span> <span class='ocrx_word' id='word_1_10' title='bbox 971 398 1128 488; x_wconf 84' lang='lat' dir='ltr'>Resoripsi</span> <span class='ocrx_word' id='word_1_11' title='bbox 1150 403 1196 486; x_wconf 86' lang='lat' dir='ltr'>ita,</span> 
     </span>
     <span class='ocr_line' id='line_1_3' title="bbox 257 491 1196 577; baseline -0.003 -19"><span class='ocrx_word' id='word_1_12' title='bbox 257 497 294 558; x_wconf 90' lang='lat' dir='ltr'>ut</span> <span class='ocrx_word' id='word_1_13' title='bbox 324 496 357 557; x_wconf 87' lang='lat' dir='ltr'>te</span> <span class='ocrx_word' id='word_1_14' title='bbox 388 493 600 577; x_wconf 87' lang='lat' dir='ltr'>probaturum</span> <span class='ocrx_word' id='word_1_15' title='bbox 627 493 784 558; x_wconf 85' lang='lat' dir='ltr'>existimo.</span> <span class='ocrx_word' id='word_1_16' title='bbox 828 491 911 558; x_wconf 90' lang='lat' dir='ltr'>Mihi</span> <span class='ocrx_word' id='word_1_17' title='bbox 939 492 1019 557; x_wconf 88' lang='lat' dir='ltr'>duas</span> <span class='ocrx_word' id='word_1_18' title='bbox 1042 515 1062 556; x_wconf 92' lang='lat' dir='ltr'>a</span> <span class='ocrx_word' id='word_1_19' title='bbox 1086 496 1118 556; x_wconf 86' lang='lat' dir='ltr'>te</span> <span class='ocrx_word' id='word_1_20' title='bbox 1143 491 1196 575; x_wconf 89' lang='lat' dir='ltr'>epi·</span> 
     </span>
     <span class='ocr_line' id='line_1_4' title="bbox 257 578 1198 666; baseline -0.003 -20"><span class='ocrx_word' id='word_1_21' title='bbox 257 582 357 646; x_wconf 85' lang='lat' dir='ltr'>stolas</span> <span class='ocrx_word' id='word_1_22' title='bbox 388 581 540 666; x_wconf 74' lang='lat' dir='ltr'>reddidit,</span> <span class='ocrx_word' id='word_1_23' title='bbox 571 602 670 646; x_wconf 86' lang='lat' dir='ltr'>unam</span> <span class='ocrx_word' id='word_1_24' title='bbox 697 599 751 664; x_wconf 70' lang='lat' dir='ltr'>xe,</span> <span class='ocrx_word' id='word_1_25' title='bbox 783 582 919 649; x_wconf 78' lang='lat' dir='ltr'>aiteram</span> <span class='ocrx_word' id='word_1_26' title='bbox 948 599 981 646; x_wconf 87' lang='lat' dir='ltr'>x.</span> <span class='ocrx_word' id='word_1_27' title='bbox 1003 581 1116 646; x_wconf 69' lang='lat' dir='ltr'>dutum</span> <span class='ocrx_word' id='word_1_28' title='bbox 1155 578 1198 644; x_wconf 78' lang='lat' dir='ltr'>Ad</span> 
     </span>
     <span class='ocr_line' id='line_1_5' title="bbox 257 669 1200 755; baseline -0.002 -21"><span class='ocrx_word' id='word_1_29' title='bbox 257 669 468 736; x_wconf 69' lang='lat' dir='ltr'>recentiorem</span> <span class='ocrx_word' id='word_1_30' title='bbox 490 671 580 755; x_wconf 89' lang='lat' dir='ltr'>prius</span> <span class='ocrx_word' id='word_1_31' title='bbox 593 673 628 734; x_wconf 87' lang='lat' dir='ltr'>et</span> <span class='ocrx_word' id='word_1_32' title='bbox 644 670 830 754; x_wconf 79' lang='lat' dir='ltr'>pleniorem.</span> <span class='ocrx_word' id='word_1_33' title='bbox 858 669 941 709; x_wconf 77' lang='lat'>*²¹⁸*</span> <span class='ocrx_word' id='word_1_34' title='bbox 959 669 1070 754; x_wconf 78' lang='lat' dir='ltr'>laud03</span> <span class='ocrx_word' id='word_1_35' title='bbox 1093 669 1120 733; x_wconf 87' lang='lat' dir='ltr'>si</span> <span class='ocrx_word' id='word_1_36' title='bbox 1136 689 1200 732; x_wconf 81' lang='lat' dir='ltr'>sero</span> 
     </span>
     <span class='ocr_line' id='line_1_6' title="bbox 258 753 1204 843; baseline -0.002 -20"><span class='ocrx_word' id='word_1_37' title='bbox 258 759 356 824; x_wconf 86' lang='lat' dir='ltr'>etiam</span> <span class='ocrx_word' id='word_1_38' title='bbox 379 757 584 843; x_wconf 82' lang='lat' dir='ltr'>Carfulenus,</span> <span class='ocrx_word' id='word_1_39' title='bbox 615 753 687 824; x_wconf 82' lang='grc' dir='ltr'>ἅνω</span> <span class='ocrx_word' id='word_1_40' title='bbox 709 759 877 842; x_wconf 76' lang='grc' dir='ltr'><strong><em>ποταμῶν.</em></strong></span> <span class='ocrx_word' id='word_1_41' title='bbox 921 757 1060 826; x_wconf 78' lang='lat' dir='ltr'>Antonii</span> <span class='ocrx_word' id='word_1_42' title='bbox 1081 757 1204 823; x_wconf 80' lang='lat' dir='ltr'>consilia</span> 
     </span>
     <span class='ocr_line' id='line_1_7' title="bbox 257 846 1205 932; baseline -0.002 -20"><span class='ocrx_word' id='word_1_43' title='bbox 257 869 371 912; x_wconf 85' lang='lat' dir='ltr'>narras</span> <span class='ocrx_word' id='word_1_44' title='bbox 385 848 581 932; x_wconf 82' lang='lat' dir='ltr'>turbulenta,</span> <span class='ocrx_word' id='word_1_45' title='bbox 594 851 690 932; x_wconf 85' lang='lat' dir='ltr'>atque</span> <span class='ocrx_word' id='word_1_46' title='bbox 704 847 829 913; x_wconf 86' lang='lat' dir='ltr'>utinam</span> <span class='ocrx_word' id='word_1_47' title='bbox 851 848 959 931; x_wconf 88' lang='lat' dir='ltr'>potius</span> <span class='ocrx_word' id='word_1_48' title='bbox 980 869 1038 932; x_wconf 89' lang='lat' dir='ltr'>per</span> <span class='ocrx_word' id='word_1_49' title='bbox 1060 846 1205 931; x_wconf 87' lang='lat' dir='ltr'>populun</span> 
     </span>
     <span class='ocr_line' id='line_1_8' title="bbox 258 934 1207 1023; baseline -0.002 -22"><span class='ocrx_word' id='word_1_50' title='bbox 258 939 337 1023; x_wconf 81' lang='lat' dir='ltr'>agat</span> <span class='ocrx_word' id='word_1_51' title='bbox 358 958 455 1022; x_wconf 85' lang='lat' dir='ltr'>quam</span> <span class='ocrx_word' id='word_1_52' title='bbox 481 957 538 1020; x_wconf 91' lang='lat' dir='ltr'>per</span> <span class='ocrx_word' id='word_1_53' title='bbox 566 937 726 1002; x_wconf 87' lang='lat' dir='ltr'>senatum!</span> <span class='ocrx_word' id='word_1_54' title='bbox 763 936 850 1020; x_wconf 90' lang='lat' dir='ltr'>quod</span> <span class='ocrx_word' id='word_1_55' title='bbox 876 936 1007 1020; x_wconf 87' lang='lat' dir='ltr'>quidem</span> <span class='ocrx_word' id='word_1_56' title='bbox 1032 937 1081 1001; x_wconf 84' lang='lat' dir='ltr'>ita</span> <span class='ocrx_word' id='word_1_57' title='bbox 1106 934 1207 1016; x_wconf 79' lang='lat' dir='ltr'>ered03</span> 
     </span>
     <span class='ocr_line' id='line_1_9' title="bbox 258 1024 1209 1109; baseline -0.002 -19"><span class='ocrx_word' id='word_1_58' title='bbox 258 1026 315 1091; x_wconf 83' lang='lat' dir='ltr'>sed</span> <span class='ocrx_word' id='word_1_59' title='bbox 336 1024 417 1092; x_wconf 87' lang='lat' dir='ltr'>mihi</span> <span class='ocrx_word' id='word_1_60' title='bbox 443 1029 549 1090; x_wconf 90' lang='lat' dir='ltr'>totum</span> <span class='ocrx_word' id='word_1_61' title='bbox 576 1025 644 1090; x_wconf 90' lang='lat' dir='ltr'>eius</span> <span class='ocrx_word' id='word_1_62' title='bbox 667 1025 836 1091; x_wconf 88' lang='lat' dir='ltr'>consilium</span> <span class='ocrx_word' id='word_1_63' title='bbox 859 1025 901 1090; x_wconf 89' lang='lat' dir='ltr'>ad</span> <span class='ocrx_word' id='word_1_64' title='bbox 928 1025 1049 1089; x_wconf 90' lang='lat' dir='ltr'>bellum</span> <span class='ocrx_word' id='word_1_65' title='bbox 1072 1027 1209 1109; x_wconf 75' lang='lat' dir='ltr'>opertere</span> 
     </span>
     <span class='ocr_line' id='line_1_10' title="bbox 257 1111 1211 1199; baseline -0.002 -19"><span class='ocrx_word' id='word_1_66' title='bbox 257 1115 395 1199; x_wconf 72' lang='lat' dir='ltr'>videtur,</span> <span class='ocrx_word' id='word_1_67' title='bbox 415 1113 443 1180; x_wconf 91' lang='lat' dir='ltr'>si</span> <span class='ocrx_word' id='word_1_68' title='bbox 457 1114 585 1198; x_wconf 91' lang='lat' dir='ltr'>quidem</span> <span class='ocrx_word' id='word_1_69' title='bbox 598 1113 639 1178; x_wconf 94' lang='lat' dir='ltr'>D.</span> <span class='ocrx_word' id='word_1_70' title='bbox 652 1111 755 1179; x_wconf 87' lang='lat' dir='ltr'>Bruto</span> <span class='ocrx_word' id='word_1_71' title='bbox 778 1113 944 1198; x_wconf 83' lang='lat' dir='ltr'>provincia</span> <span class='ocrx_word' id='word_1_72' title='bbox 957 1113 1102 1198; x_wconf 86' lang='lat' dir='ltr'>eripitur,</span> <span class='ocrx_word' id='word_1_73' title='bbox 1123 1112 1211 1197; x_wconf 89' lang='lat' dir='ltr'>quud,</span> 
     </span>
     <span class='ocr_line' id='line_1_11' title="bbox 258 1201 1212 1289; baseline -0.005 -20"><span class='ocrx_word' id='word_1_74' title='bbox 258 1224 387 1289; x_wconf 91' lang='lat' dir='ltr'>quoquo</span> <span class='ocrx_word' id='word_1_75' title='bbox 419 1201 515 1269; x_wconf 90' lang='lat' dir='ltr'>modo</span> <span class='ocrx_word' id='word_1_76' title='bbox 543 1222 604 1288; x_wconf 81' lang='lat' dir='ltr'>ego</span> <span class='ocrx_word' id='word_1_77' title='bbox 632 1201 671 1266; x_wconf 89' lang='lat' dir='ltr'>de</span> <span class='ocrx_word' id='word_1_78' title='bbox 698 1202 785 1267; x_wconf 90' lang='lat' dir='ltr'>illius</span> <span class='ocrx_word' id='word_1_79' title='bbox 816 1203 924 1268; x_wconf 82' lang='lat' dir='ltr'>nervis</span> <span class='ocrx_word' id='word_1_80' title='bbox 956 1201 1120 1286; x_wconf 83' lang='lat' dir='ltr'>existimo,</span> <span class='ocrx_word' id='word_1_81' title='bbox 1150 1222 1212 1266; x_wconf 90' lang='lat' dir='ltr'>non</span> 
     </span>
     <span class='ocr_line' id='line_1_12' title="bbox 257 1291 1212 1376; baseline -0.003 -19"><span class='ocrx_word' id='word_1_82' title='bbox 257 1292 383 1358; x_wconf 84' lang='lat' dir='ltr'>videtur</span> <span class='ocrx_word' id='word_1_83' title='bbox 404 1291 474 1356; x_wconf 87' lang='lat' dir='ltr'>fieri</span> <span class='ocrx_word' id='word_1_84' title='bbox 495 1311 590 1376; x_wconf 87' lang='lat' dir='ltr'>posse</span> <span class='ocrx_word' id='word_1_85' title='bbox 605 1291 674 1356; x_wconf 87' lang='lat' dir='ltr'>sine</span> <span class='ocrx_word' id='word_1_86' title='bbox 696 1291 791 1376; x_wconf 90' lang='lat' dir='ltr'>bello,</span> <span class='ocrx_word' id='word_1_87' title='bbox 813 1291 869 1356; x_wconf 91' lang='lat' dir='ltr'>sed</span> <span class='ocrx_word' id='word_1_88' title='bbox 891 1312 959 1357; x_wconf 88' lang='lat' dir='ltr'>non</span> <span class='ocrx_word' id='word_1_89' title='bbox 980 1291 1090 1376; x_wconf 84' lang='lat' dir='ltr'>eupio,</span> <span class='ocrx_word' id='word_1_90' title='bbox 1117 1311 1212 1375; x_wconf 87' lang='lat' dir='ltr'>quon·</span> 
     </span>
     <span class='ocr_line' id='line_1_13' title="bbox 257 1379 1213 1468; baseline -0.003 -22"><span class='ocrx_word' id='word_1_91' title='bbox 257 1382 336 1468; x_wconf 30' lang='lat' dir='ltr'>iam·</span> <span class='ocrx_word' id='word_1_92' title='bbox 354 1382 485 1446; x_wconf 78' lang='lat' dir='ltr'>cavetur</span> <span class='ocrx_word' id='word_1_93' title='bbox 511 1379 758 1445; x_wconf 83' lang='lat' dir='ltr'>Buthrotiis-</span> <span class='ocrx_word' id='word_1_94' title='bbox 785 1379 893 1446; x_wconf 81' lang='lat' dir='ltr'>rides?</span> <span class='ocrx_word' id='word_1_95' title='bbox 924 1380 1027 1459; x_wconf 72' lang='lat' dir='ltr'>tabe</span> <span class='ocrx_word' id='word_1_96' title='bbox 1060 1379 1213 1446; x_wconf 77' lang='lat' dir='ltr'>condoleo</span> 
     </span>
     <span class='ocr_line' id='line_1_14' title="bbox 258 1468 1213 1554; baseline -0.004 -19"><span class='ocrx_word' id='word_1_97' title='bbox 258 1492 325 1536; x_wconf 89' lang='lat' dir='ltr'>non</span> <span class='ocrx_word' id='word_1_98' title='bbox 347 1489 420 1535; x_wconf 87' lang='lat' dir='ltr'>mea</span> <span class='ocrx_word' id='word_1_99' title='bbox 441 1469 550 1554; x_wconf 85' lang='lat' dir='ltr'>potius</span> <span class='ocrx_word' id='word_1_100' title='bbox 573 1468 774 1553; x_wconf 78' lang='lat' dir='ltr'>assiduitate,</span> <span class='ocrx_word' id='word_1_101' title='bbox 804 1469 985 1554; x_wconf 83' lang='lat' dir='ltr'>diligentia,</span> <span class='ocrx_word' id='word_1_102' title='bbox 1016 1469 1125 1554; x_wconf 76' lang='lat' dir='ltr'>gratia</span> <span class='ocrx_word' id='word_1_103' title='bbox 1147 1489 1213 1552; x_wconf 88' lang='lat' dir='ltr'>per-</span> 
     </span>
     <span class='ocr_line' id='line_1_15' title="bbox 232 1555 1214 1642; baseline -0.004 -18"><span class='ocrx_word' id='word_1_104' title='bbox 232 1559 310 1624; x_wconf 78' lang='lat' dir='ltr'>²fioi</span> <span class='ocrx_word' id='word_1_105' title='bbox 323 1595 376 1623; x_wconf 89' lang='lat'>-.</span> <span class='ocrx_word' id='word_1_106' title='bbox 403 1555 497 1634; x_wconf 81' lang='lat' dir='ltr'>Quod</span> <span class='ocrx_word' id='word_1_107' title='bbox 518 1557 630 1622; x_wconf 84' lang='lat' dir='ltr'>scribis</span> <span class='ocrx_word' id='word_1_108' title='bbox 652 1561 685 1622; x_wconf 89' lang='lat' dir='ltr'>te</span> <span class='ocrx_word' id='word_1_109' title='bbox 707 1557 840 1642; x_wconf 81' lang='lat' dir='ltr'>neseira,</span> <span class='ocrx_word' id='word_1_110' title='bbox 863 1557 939 1642; x_wconf 91' lang='lat' dir='ltr'>quid</span> <span class='ocrx_word' id='word_1_111' title='bbox 953 1557 1075 1623; x_wconf 89' lang='lat' dir='ltr'>nostris</span> <span class='ocrx_word' id='word_1_112' title='bbox 1096 1556 1214 1622; x_wconf 82' lang='lat' dir='ltr'>facien·</span> 
     </span>
     <span class='ocr_line' id='line_1_16' title="bbox 258 1639 1214 1731; baseline -0.004 -19"><span class='ocrx_word' id='word_1_113' title='bbox 258 1648 335 1712; x_wconf 88' lang='lat' dir='ltr'>dum</span> <span class='ocrx_word' id='word_1_114' title='bbox 358 1647 415 1731; x_wconf 90' lang='lat' dir='ltr'>sit,</span> <span class='ocrx_word' id='word_1_115' title='bbox 443 1645 633 1730; x_wconf 87' lang='lat' dir='ltr'>iampridem</span> <span class='ocrx_word' id='word_1_116' title='bbox 655 1667 706 1710; x_wconf 87' lang='lat' dir='ltr'>me</span> <span class='ocrx_word' id='word_1_117' title='bbox 728 1646 786 1710; x_wconf 87' lang='lat' dir='ltr'>illa</span> <span class='ocrx_word' id='word_1_118' title='bbox 807 1639 932 1730; x_wconf 77' lang='grc' dir='ltr'><strong><em>ἀπορία</em></strong></span> <span class='ocrx_word' id='word_1_119' title='bbox 954 1646 1118 1712; x_wconf 79' lang='lat' dir='ltr'>sollicitat.</span> <span class='ocrx_word' id='word_1_120' title='bbox 1154 1643 1214 1709; x_wconf 86' lang='lat' dir='ltr'>Ita·</span> 
     </span>
     <span class='ocr_line' id='line_1_17' title="bbox 258 1733 1214 1820; baseline -0.001 -20"><span class='ocrx_word' id='word_1_121' title='bbox 258 1757 320 1820; x_wconf 88' lang='lat' dir='ltr'>que</span> <span class='ocrx_word' id='word_1_122' title='bbox 351 1735 451 1800; x_wconf 86' lang='lat' dir='ltr'>stulta</span> <span class='ocrx_word' id='word_1_123' title='bbox 482 1735 548 1800; x_wconf 89' lang='lat' dir='ltr'>iam</span> <span class='ocrx_word' id='word_1_124' title='bbox 578 1733 695 1799; x_wconf 88' lang='lat' dir='ltr'>Iduum</span> <span class='ocrx_word' id='word_1_125' title='bbox 724 1733 915 1800; x_wconf 79' lang='lat' dir='ltr'>Martiarum</span> <span class='ocrx_word' id='word_1_126' title='bbox 946 1739 997 1800; x_wconf 82' lang='lat' dir='ltr'>est</span> <span class='ocrx_word' id='word_1_127' title='bbox 1022 1734 1214 1814; x_wconf 67' lang='lat' dir='ltr'>cumulatim</span> 
     </span>
     <span class='ocr_line' id='line_1_18' title="bbox 258 1822 1214 1909; baseline -0.004 -20"><span class='ocrx_word' id='word_1_128' title='bbox 258 1823 374 1890; x_wconf 86' lang='lat' dir='ltr'>animis</span> <span class='ocrx_word' id='word_1_129' title='bbox 406 1823 497 1888; x_wconf 64' lang='lat' dir='ltr'>&#39;enim</span> <span class='ocrx_word' id='word_1_130' title='bbox 529 1823 579 1889; x_wconf 86' lang='lat' dir='ltr'>usi</span> <span class='ocrx_word' id='word_1_131' title='bbox 611 1844 720 1888; x_wconf 84' lang='lat' dir='ltr'>sumus</span> <span class='ocrx_word' id='word_1_132' title='bbox 752 1823 911 1908; x_wconf 88' lang='lat' dir='ltr'>virilibus,</span> <span class='ocrx_word' id='word_1_133' title='bbox 947 1823 1105 1909; x_wconf 82' lang='lat' dir='ltr'>consiliis,</span> <span class='ocrx_word' id='word_1_134' title='bbox 1137 1822 1214 1888; x_wconf 93' lang='lat' dir='ltr'>mihi</span> 
     </span>
     <span class='ocr_line' id='line_1_19' title="bbox 258 1911 1214 1997; baseline -0.005 -17"><span class='ocrx_word' id='word_1_135' title='bbox 258 1913 359 1997; x_wconf 87' lang='lat' dir='ltr'>erede,</span> <span class='ocrx_word' id='word_1_136' title='bbox 382 1912 567 1997; x_wconf 84' lang='lat' dir='ltr'>puerilibus,</span> <span class='ocrx_word' id='word_1_137' title='bbox 590 1912 695 1976; x_wconf 78' lang='lat' dir='ltr'>excisa</span> <span class='ocrx_word' id='word_1_138' title='bbox 708 1911 795 1977; x_wconf 91' lang='lat' dir='ltr'>enim</span> <span class='ocrx_word' id='word_1_139' title='bbox 809 1916 859 1977; x_wconf 86' lang='lat' dir='ltr'>est</span> <span class='ocrx_word' id='word_1_140' title='bbox 878 1912 983 1997; x_wconf 86' lang='lat' dir='ltr'>arbor,</span> <span class='ocrx_word' id='word_1_141' title='bbox 1005 1933 1074 1978; x_wconf 90' lang='lat' dir='ltr'>non</span> <span class='ocrx_word' id='word_1_142' title='bbox 1096 1912 1214 1994; x_wconf 84' lang='lat' dir='ltr'>evulsa,</span> 
     </span>
     <span class='ocr_line' id='line_1_20' title="bbox 257 2000 1214 2088; baseline -0.006 -20"><span class='ocrx_word' id='word_1_143' title='bbox 257 2002 380 2088; x_wconf 87' lang='lat' dir='ltr'>itaque,</span> <span class='ocrx_word' id='word_1_144' title='bbox 412 2023 508 2086; x_wconf 87' lang='lat' dir='ltr'>quam</span> <span class='ocrx_word' id='word_1_145' title='bbox 539 2000 722 2084; x_wconf 82' lang='lat' dir='ltr'>fruticatur,</span> <span class='ocrx_word' id='word_1_146' title='bbox 753 2001 851 2066; x_wconf 80' lang='lat' dir='ltr'>vides.</span> <span class='ocrx_word' id='word_1_147' title='bbox 895 2000 1076 2066; x_wconf 84' lang='lat' dir='ltr'>Redeamus</span> <span class='ocrx_word' id='word_1_148' title='bbox 1107 2001 1214 2086; x_wconf 84' lang='lat' dir='ltr'>igitur,</span> 
     </span>
     <span class='ocr_line' id='line_1_21' title="bbox 258 2088 1213 2175; baseline -0.004 -19"><span class='ocrx_word' id='word_1_149' title='bbox 258 2090 412 2175; x_wconf 89' lang='lat' dir='ltr'>quoniam</span> <span class='ocrx_word' id='word_1_150' title='bbox 444 2110 538 2174; x_wconf 83' lang='lat' dir='ltr'>saepe</span> <span class='ocrx_word' id='word_1_151' title='bbox 565 2110 715 2174; x_wconf 86' lang='lat' dir='ltr'>usurpas,</span> <span class='ocrx_word' id='word_1_152' title='bbox 750 2089 793 2154; x_wconf 88' lang='lat' dir='ltr'>ad</span> <span class='ocrx_word' id='word_1_153' title='bbox 823 2088 1045 2174; x_wconf 63' lang='lat' dir='ltr'>„itrsoulanas</span> <span class='ocrx_word' id='word_1_154' title='bbox 1072 2089 1213 2174; x_wconf 83' lang='lat' dir='ltr'>disputa-</span> 
     </span>
     <span class='ocr_line' id='line_1_22' title="bbox 257 2175 1214 2264; baseline -0.003 -19"><span class='ocrx_word' id='word_1_155' title='bbox 257 2176 397 2245; x_wconf 84' lang='lat' dir='ltr'>tiones“:</span> <span class='ocrx_word' id='word_1_156' title='bbox 430 2175 594 2243; x_wconf 80' lang='lat' dir='ltr'>Saufeium</span> <span class='ocrx_word' id='word_1_157' title='bbox 616 2177 638 2256; x_wconf 72' lang='lat' dir='ltr'>t</span> <span class='ocrx_word' id='word_1_158' title='bbox 661 2181 735 2262; x_wconf 91' lang='lat' dir='ltr'>pete</span> <span class='ocrx_word' id='word_1_159' title='bbox 764 2178 916 2262; x_wconf 70' lang='lat' dir='ltr'>celemus,</span> <span class='ocrx_word' id='word_1_160' title='bbox 947 2199 1008 2264; x_wconf 84' lang='lat' dir='ltr'>ego</span> <span class='ocrx_word' id='word_1_161' title='bbox 1037 2199 1214 2263; x_wconf 89' lang='lat' dir='ltr'>numquam</span> 
     </span>
     <span class='ocr_line' id='line_1_23' title="bbox 258 2264 1212 2353; baseline -0.002 -20"><span class='ocrx_word' id='word_1_162' title='bbox 258 2267 416 2334; x_wconf 80' lang='lat' dir='ltr'>indicabo.</span> <span class='ocrx_word' id='word_1_163' title='bbox 444 2265 537 2343; x_wconf 83' lang='lat' dir='ltr'>Quod</span> <span class='ocrx_word' id='word_1_164' title='bbox 558 2269 592 2330; x_wconf 89' lang='lat' dir='ltr'>te</span> <span class='ocrx_word' id='word_1_165' title='bbox 615 2287 634 2330; x_wconf 89' lang='lat' dir='ltr'>a</span> <span class='ocrx_word' id='word_1_166' title='bbox 656 2264 759 2332; x_wconf 86' lang='lat' dir='ltr'>Bruto</span> <span class='ocrx_word' id='word_1_167' title='bbox 781 2271 923 2350; x_wconf 71' lang='lat' dir='ltr'>rupertum</span> <span class='ocrx_word' id='word_1_168' title='bbox 945 2267 1067 2353; x_wconf 77' lang='lat' dir='ltr'>scribis,</span> <span class='ocrx_word' id='word_1_169' title='bbox 1089 2272 1128 2332; x_wconf 92' lang='lat' dir='ltr'>ut</span> <span class='ocrx_word' id='word_1_170' title='bbox 1151 2289 1212 2332; x_wconf 86' lang='lat' dir='ltr'>eer-</span> 
     </span>
     <span class='ocr_line' id='line_1_24' title="bbox 258 2353 1212 2440; baseline -0.002 -18"><span class='ocrx_word' id='word_1_171' title='bbox 258 2357 323 2422; x_wconf 88' lang='lat' dir='ltr'>tior</span> <span class='ocrx_word' id='word_1_172' title='bbox 344 2357 446 2440; x_wconf 86' lang='lat' dir='ltr'>fieret,</span> <span class='ocrx_word' id='word_1_173' title='bbox 467 2375 530 2440; x_wconf 90' lang='lat' dir='ltr'>quo</span> <span class='ocrx_word' id='word_1_174' title='bbox 554 2355 605 2420; x_wconf 90' lang='lat' dir='ltr'>die</span> <span class='ocrx_word' id='word_1_175' title='bbox 627 2355 662 2419; x_wconf 92' lang='lat' dir='ltr'>in</span> <span class='ocrx_word' id='word_1_176' title='bbox 685 2353 903 2422; x_wconf 82' lang='lat' dir='ltr'>Tusculanum</span> <span class='ocrx_word' id='word_1_177' title='bbox 925 2377 1028 2422; x_wconf 86' lang='lat' dir='ltr'>essem</span> <span class='ocrx_word' id='word_1_178' title='bbox 1050 2359 1212 2437; x_wconf 85' lang='lat' dir='ltr'>venturus,</span> 
     </span>
     <span class='ocr_line' id='line_1_25' title="bbox 259 2443 1212 2529; baseline -0.003 -18"><span class='ocrx_word' id='word_1_179' title='bbox 259 2449 296 2511; x_wconf 91' lang='lat' dir='ltr'>ut</span> <span class='ocrx_word' id='word_1_180' title='bbox 327 2445 367 2510; x_wconf 86' lang='lat' dir='ltr'>ad</span> <span class='ocrx_word' id='word_1_181' title='bbox 394 2449 427 2509; x_wconf 87' lang='lat' dir='ltr'>te</span> <span class='ocrx_word' id='word_1_182' title='bbox 454 2447 530 2508; x_wconf 89' lang='lat' dir='ltr'>ante</span> <span class='ocrx_word' id='word_1_183' title='bbox 557 2444 683 2528; x_wconf 80' lang='lat' dir='ltr'>scripsi,</span> <span class='ocrx_word' id='word_1_184' title='bbox 714 2461 760 2509; x_wconf 82' lang='lat' dir='ltr'>vl.</span> <span class='ocrx_word' id='word_1_185' title='bbox 781 2443 862 2529; x_wconf 82' lang='lat' dir='ltr'>Kal,</span> <span class='ocrx_word' id='word_1_186' title='bbox 895 2449 927 2510; x_wconf 90' lang='lat' dir='ltr'>et</span> <span class='ocrx_word' id='word_1_187' title='bbox 953 2444 1083 2529; x_wconf 90' lang='lat' dir='ltr'>quidem</span> <span class='ocrx_word' id='word_1_188' title='bbox 1110 2445 1157 2510; x_wconf 94' lang='lat' dir='ltr'>ibi</span> <span class='ocrx_word' id='word_1_189' title='bbox 1183 2449 1212 2508; x_wconf 87' lang='lat' dir='ltr'>te</span> 
     </span>
     <span class='ocr_line' id='line_1_26' title="bbox 259 2532 1212 2619; baseline -0.003 -20"><span class='ocrx_word' id='word_1_190' title='bbox 259 2555 356 2619; x_wconf 87' lang='lat' dir='ltr'>quam</span> <span class='ocrx_word' id='word_1_191' title='bbox 382 2532 521 2617; x_wconf 89' lang='lat' dir='ltr'>primum</span> <span class='ocrx_word' id='word_1_192' title='bbox 549 2532 737 2617; x_wconf 81' lang='lat' dir='ltr'>pervidere</span> <span class='ocrx_word' id='word_1_193' title='bbox 759 2534 869 2618; x_wconf 82' lang='lat' dir='ltr'>velim,</span> <span class='ocrx_word' id='word_1_194' title='bbox 898 2537 979 2618; x_wconf 86' lang='lat' dir='ltr'>puto</span> <span class='ocrx_word' id='word_1_195' title='bbox 1006 2534 1093 2598; x_wconf 90' lang='lat' dir='ltr'>enim</span> <span class='ocrx_word' id='word_1_196' title='bbox 1120 2533 1212 2599; x_wconf 89' lang='lat' dir='ltr'>nobis</span> 
     </span>
     <span class='ocr_line' id='line_1_27' title="bbox 259 2621 1211 2706; baseline -0.001 -20"><span class='ocrx_word' id='word_1_197' title='bbox 259 2621 440 2686; x_wconf 81' lang='lat' dir='ltr'>Lanuvium</span> <span class='ocrx_word' id='word_1_198' title='bbox 463 2621 614 2706; x_wconf 89' lang='lat' dir='ltr'>eundum,</span> <span class='ocrx_word' id='word_1_199' title='bbox 636 2624 670 2686; x_wconf 89' lang='lat' dir='ltr'>et</span> <span class='ocrx_word' id='word_1_200' title='bbox 692 2621 820 2706; x_wconf 89' lang='lat' dir='ltr'>quidem</span> <span class='ocrx_word' id='word_1_201' title='bbox 842 2629 910 2686; x_wconf 88' lang='lat' dir='ltr'>non</span> <span class='ocrx_word' id='word_1_202' title='bbox 933 2623 1001 2687; x_wconf 89' lang='lat' dir='ltr'>sine</span> <span class='ocrx_word' id='word_1_203' title='bbox 1023 2623 1128 2689; x_wconf 89' lang='lat' dir='ltr'>multo</span> <span class='ocrx_word' id='word_1_204' title='bbox 1153 2643 1211 2688; x_wconf 89' lang='lat' dir='ltr'>ser-</span> 
     </span>
     <span class='ocr_line' id='line_1_28' title="bbox 233 2704 1213 2795; baseline 0.003 -24"><span class='ocrx_word' id='word_1_205' title='bbox 233 2729 369 2793; x_wconf 79' lang='lat' dir='ltr'>smone3</span> <span class='ocrx_word' id='word_1_206' title='bbox 400 2709 455 2774; x_wconf 87' lang='lat' dir='ltr'>sed</span> <span class='ocrx_word' id='word_1_207' title='bbox 477 2704 620 2794; x_wconf 72' lang='lat' dir='ltr'>patriast.</span> <span class='ocrx_word' id='word_1_208' title='bbox 655 2708 764 2774; x_wconf 89' lang='lat' dir='ltr'>Redeo</span> <span class='ocrx_word' id='word_1_209' title='bbox 788 2708 829 2773; x_wconf 89' lang='lat' dir='ltr'>ad</span> <span class='ocrx_word' id='word_1_210' title='bbox 851 2711 1060 2795; x_wconf 86' lang='lat' dir='ltr'>superiorem,</span> <span class='ocrx_word' id='word_1_211' title='bbox 1090 2733 1130 2776; x_wconf 82' lang='lat' dir='ltr'>ex</span> <span class='ocrx_word' id='word_1_212' title='bbox 1153 2732 1213 2795; x_wconf 85' lang='lat' dir='ltr'>qua</span> 
     </span>
     <span class='ocr_line' id='line_1_29' title="bbox 259 2796 1213 2886; baseline -0.002 -22"><span class='ocrx_word' id='word_1_213' title='bbox 259 2801 425 2886; x_wconf 88' lang='lat' dir='ltr'>praetereo</span> <span class='ocrx_word' id='word_1_214' title='bbox 448 2798 504 2862; x_wconf 88' lang='lat' dir='ltr'>illa</span> <span class='ocrx_word' id='word_1_215' title='bbox 525 2798 629 2882; x_wconf 88' lang='lat' dir='ltr'>prima</span> <span class='ocrx_word' id='word_1_216' title='bbox 652 2798 691 2862; x_wconf 89' lang='lat' dir='ltr'>de</span> <span class='ocrx_word' id='word_1_217' title='bbox 716 2796 910 2882; x_wconf 86' lang='lat' dir='ltr'>Buthrotiis,</span> <span class='ocrx_word' id='word_1_218' title='bbox 933 2820 1014 2883; x_wconf 91' lang='lat' dir='ltr'>quae</span> <span class='ocrx_word' id='word_1_219' title='bbox 1036 2799 1117 2864; x_wconf 90' lang='lat' dir='ltr'>mihi</span> <span class='ocrx_word' id='word_1_220' title='bbox 1140 2803 1213 2864; x_wconf 88' lang='lat' dir='ltr'>sunt</span> 
     </span>
    </p>
   </div>
   <div class='ocr_carea' id='block_1_3' title="bbox 260 2939 1279 3503">
    <p class='ocr_par' dir='ltr' id='par_1_3' title="bbox 260 2939 1214 3010">
     <span class='ocr_line' id='line_1_30' title="bbox 260 2939 1214 3010; baseline -0.01 -15"><span class='ocrx_word' id='word_1_221' title='bbox 260 2939 407 3010; x_wconf 72' lang='lat' dir='ltr'>(diffluo).</span> <span class='ocrx_word' id='word_1_222' title='bbox 426 2939 539 2994; x_wconf 81' lang='lat' dir='ltr'>Excidit</span> <span class='ocrx_word' id='word_1_223' title='bbox 556 2940 716 2994; x_wconf 80' lang='lat' dir='ltr'>uberante</span> <span class='ocrx_word' id='word_1_224' title='bbox 734 2951 811 3005; x_wconf 80' lang='lat' dir='ltr'>quem</span> <span class='ocrx_word' id='word_1_225' title='bbox 824 2939 873 2990; x_wconf 87' lang='lat' dir='ltr'>aut</span> <span class='ocrx_word' id='word_1_226' title='bbox 890 2940 955 3004; x_wconf 81' lang='lat' dir='ltr'>post</span> <span class='ocrx_word' id='word_1_227' title='bbox 967 2947 1039 2988; x_wconf 74' lang='lat' dir='ltr'>umes</span> <span class='ocrx_word' id='word_1_228' title='bbox 1053 2939 1128 3000; x_wconf 59' lang='grc' dir='ltr'>(Ν).</span> <span class='ocrx_word' id='word_1_229' title='bbox 1149 2944 1214 3002; x_wconf 73' lang='lat' dir='ltr'>quae</span> 
     </span>
    </p>

    <p class='ocr_par' dir='ltr' id='par_1_4' title="bbox 260 2999 1216 3108">
     <span class='ocr_line' id='line_1_31' title="bbox 260 2999 1216 3108; baseline -0.008 -42"><span class='ocrx_word' id='word_1_230' title='bbox 260 3013 296 3078; x_wconf 69' lang='lat' dir='ltr'>b,</span> <span class='ocrx_word' id='word_1_231' title='bbox 314 3011 345 3065; x_wconf 91' lang='grc' dir='ltr'>Β,</span> <span class='ocrx_word' id='word_1_232' title='bbox 360 3043 393 3051; x_wconf 94' lang='grc'><strong>-</strong></span> <span class='ocrx_word' id='word_1_233' title='bbox 407 3009 549 3080; x_wconf 68' lang='grc' dir='ltr'>Εεεσνίρεί</span> <span class='ocrx_word' id='word_1_234' title='bbox 562 3008 608 3078; x_wconf 88' lang='lat' dir='ltr'>(W</span> <span class='ocrx_word' id='word_1_235' title='bbox 610 3011 636 3078; x_wconf 90' lang='lat'>.).</span> <span class='ocrx_word' id='word_1_236' title='bbox 665 3007 720 3064; x_wconf 82' lang='lat' dir='ltr'>Sor,</span> <span class='ocrx_word' id='word_1_237' title='bbox 732 3006 823 3108; x_wconf 64' lang='lat' dir='ltr'>vulpe.</span> <span class='ocrx_word' id='word_1_238' title='bbox 837 3035 873 3045; x_wconf 93' lang='lat'>-</span> <span class='ocrx_word' id='word_1_239' title='bbox 889 3004 926 3057; x_wconf 86' lang='lat' dir='ltr'>X.</span> <span class='ocrx_word' id='word_1_240' title='bbox 945 3005 1051 3085; x_wconf 35' lang='lat' dir='ltr'>datam..</span> <span class='ocrx_word' id='word_1_241' title='bbox 1071 3003 1120 3057; x_wconf 75' lang='lat' dir='ltr'>Aa</span> <span class='ocrx_word' id='word_1_242' title='bbox 1143 2999 1216 3085; x_wconf 59' lang='lat' dir='ltr'>(W).</span> 
     </span>
    </p>

    <p class='ocr_par' dir='ltr' id='par_1_5' title="bbox 262 3072 1215 3152">
     <span class='ocr_line' id='line_1_32' title="bbox 262 3072 1215 3152; baseline -0.013 -15"><span class='ocrx_word' id='word_1_243' title='bbox 262 3081 300 3136; x_wconf 91' lang='lat' dir='ltr'>X.</span> <span class='ocrx_word' id='word_1_244' title='bbox 319 3082 367 3136; x_wconf 81' lang='lat' dir='ltr'>Ad</span> <span class='ocrx_word' id='word_1_245' title='bbox 383 3082 478 3152; x_wconf 85' lang='lat' dir='ltr'>vulgo.</span> <span class='ocrx_word' id='word_1_246' title='bbox 498 3109 532 3120; x_wconf 95' lang='lat'><em>—</em></span> <span class='ocrx_word' id='word_1_247' title='bbox 545 3081 704 3149; x_wconf 69' lang='lat' dir='ltr'>plausores.</span> <span class='ocrx_word' id='word_1_248' title='bbox 722 3075 767 3112; x_wconf 73' lang='lat'>⁴²*</span> <span class='ocrx_word' id='word_1_249' title='bbox 812 3077 896 3132; x_wconf 79' lang='lat' dir='ltr'>laudo</span> <span class='ocrx_word' id='word_1_250' title='bbox 914 3075 970 3144; x_wconf 91' lang='lat' dir='ltr'>(Or.</span> <span class='ocrx_word' id='word_1_251' title='bbox 990 3075 1080 3143; x_wconf 67' lang='lat' dir='ltr'>corp).</span> <span class='ocrx_word' id='word_1_252' title='bbox 1105 3072 1215 3127; x_wconf 76' lang='lat' dir='ltr'>Excidit</span> 
     </span>
    </p>

    <p class='ocr_par' dir='ltr' id='par_1_6' title="bbox 261 3142 1214 3235">
     <span class='ocr_line' id='line_1_33' title="bbox 261 3142 1214 3235; baseline -0.012 -28"><span class='ocrx_word' id='word_1_253' title='bbox 261 3151 368 3235; x_wconf 76' lang='lat' dir='ltr'>aliquid</span> <span class='ocrx_word' id='word_1_254' title='bbox 391 3153 426 3207; x_wconf 93' lang='lat' dir='ltr'>de</span> <span class='ocrx_word' id='word_1_255' title='bbox 445 3151 611 3208; x_wconf 79' lang='lat' dir='ltr'>Caesariano</span> <span class='ocrx_word' id='word_1_256' title='bbox 633 3149 727 3219; x_wconf 88' lang='lat' dir='ltr'>aliquo</span> <span class='ocrx_word' id='word_1_257' title='bbox 751 3147 893 3217; x_wconf 83' lang='lat' dir='ltr'>seriptum,</span> <span class='ocrx_word' id='word_1_258' title='bbox 903 3145 952 3214; x_wconf 91' lang='lat' dir='ltr'>qui</span> <span class='ocrx_word' id='word_1_259' title='bbox 974 3145 1014 3202; x_wconf 81' lang='lat' dir='ltr'>ah</span> <span class='ocrx_word' id='word_1_260' title='bbox 1028 3142 1153 3198; x_wconf 83' lang='lat' dir='ltr'>Antonio</span> <span class='ocrx_word' id='word_1_261' title='bbox 1171 3143 1214 3196; x_wconf 89' lang='lat' dir='ltr'>de·</span> 
     </span>
    </p>

    <p class='ocr_par' dir='ltr' id='par_1_7' title="bbox 260 3215 1213 3292">
     <span class='ocr_line' id='line_1_34' title="bbox 260 3215 1213 3292; baseline -0.01 -16"><span class='ocrx_word' id='word_1_262' title='bbox 260 3223 373 3280; x_wconf 75' lang='lat' dir='ltr'>feonset</span> <span class='ocrx_word' id='word_1_263' title='bbox 395 3223 471 3292; x_wconf 85' lang='lat' dir='ltr'><strong>(W.).</strong></span> <span class='ocrx_word' id='word_1_264' title='bbox 488 3253 525 3264; x_wconf 92' lang='lat'>·-</span> <span class='ocrx_word' id='word_1_265' title='bbox 542 3219 635 3278; x_wconf 63' lang='lat' dir='ltr'>aida?</span> <span class='ocrx_word' id='word_1_266' title='bbox 658 3221 744 3285; x_wconf 81' lang='lat' dir='ltr'>†ube</span> <span class='ocrx_word' id='word_1_267' title='bbox 766 3218 892 3274; x_wconf 82' lang='lat' dir='ltr'>condoleo</span> <span class='ocrx_word' id='word_1_268' title='bbox 902 3217 970 3288; x_wconf 64' lang='lat' dir='ltr'>(Zp,</span> <span class='ocrx_word' id='word_1_269' title='bbox 989 3215 1054 3282; x_wconf 88' lang='lat' dir='ltr'>W.).</span> <span class='ocrx_word' id='word_1_270' title='bbox 1074 3231 1098 3268; x_wconf 84' lang='lat' dir='ltr'>r.</span> <span class='ocrx_word' id='word_1_271' title='bbox 1117 3229 1168 3282; x_wconf 79' lang='lat' dir='ltr'>ape</span> <span class='ocrx_word' id='word_1_272' title='bbox 1194 3228 1213 3266; x_wconf 81' lang='lat' dir='ltr'>r.</span> 
     </span>
    </p>

    <p class='ocr_par' dir='ltr' id='par_1_8' title="bbox 261 3282 1279 3503">
     <span class='ocr_line' id='line_1_35' title="bbox 261 3282 1279 3372; baseline -0.01 -26"><span class='ocrx_word' id='word_1_273' title='bbox 261 3293 299 3347; x_wconf 89' lang='lat' dir='ltr'>M.</span> <span class='ocrx_word' id='word_1_274' title='bbox 318 3293 346 3348; x_wconf 89' lang='lat' dir='ltr'>h.</span> <span class='ocrx_word' id='word_1_275' title='bbox 365 3295 410 3360; x_wconf 88' lang='lat' dir='ltr'>(ab</span> <span class='ocrx_word' id='word_1_276' title='bbox 428 3294 470 3362; x_wconf 70' lang='lat' dir='ltr'>R,</span> <span class='ocrx_word' id='word_1_277' title='bbox 488 3293 544 3363; x_wconf 80' lang='lat' dir='ltr'>Ap.</span> <span class='ocrx_word' id='word_1_278' title='bbox 558 3293 588 3348; x_wconf 77' lang='lat' dir='ltr'>S.</span> <span class='ocrx_word' id='word_1_279' title='bbox 602 3293 643 3362; x_wconf 79' lang='grc'><strong>1.).</strong></span> <span class='ocrx_word' id='word_1_280' title='bbox 661 3289 707 3346; x_wconf 70' lang='lat' dir='ltr'>a?</span> <span class='ocrx_word' id='word_1_281' title='bbox 726 3295 756 3344; x_wconf 76' lang='lat' dir='ltr'>ut</span> <span class='ocrx_word' id='word_1_282' title='bbox 773 3305 796 3344; x_wconf 84' lang='lat' dir='ltr'>c.</span> <span class='ocrx_word' id='word_1_283' title='bbox 816 3288 882 3356; x_wconf 87' lang='lat' dir='ltr'>(W.)</span> <span class='ocrx_word' id='word_1_284' title='bbox 900 3287 950 3340; x_wconf 83' lang='lat' dir='ltr'>aut</span> <span class='ocrx_word' id='word_1_285' title='bbox 966 3282 1011 3340; x_wconf 72' lang='lat' dir='ltr'>a?</span> <span class='ocrx_word' id='word_1_286' title='bbox 1029 3289 1061 3338; x_wconf 83' lang='lat' dir='ltr'>at</span> <span class='ocrx_word' id='word_1_287' title='bbox 1077 3299 1125 3356; x_wconf 72' lang='lat' dir='ltr'>epo</span> <span class='ocrx_word' id='word_1_288' title='bbox 1142 3284 1214 3338; x_wconf 75' lang='lat' dir='ltr'>doleo</span> <span class='ocrx_word' id='word_1_289' title='bbox 1278 3283 1279 3372; x_wconf 52' lang='lat' dir='ltr'>i</span> 
     </span>
     <span class='ocr_line' id='line_1_36' title="bbox 287 3354 1279 3432; baseline -0.01 -17"><span class='ocrx_word' id='word_1_290' title='bbox 287 3366 303 3431; x_wconf 91' lang='lat'>.)</span> <span class='ocrx_word' id='word_1_291' title='bbox 321 3365 372 3418; x_wconf 87' lang='lat' dir='ltr'>aut</span> <span class='ocrx_word' id='word_1_292' title='bbox 389 3363 433 3417; x_wconf 68' lang='lat' dir='ltr'>a?</span> <span class='ocrx_word' id='word_1_293' title='bbox 457 3370 500 3418; x_wconf 75' lang='lat' dir='ltr'>aet</span> <span class='ocrx_word' id='word_1_294' title='bbox 517 3364 594 3419; x_wconf 76' lang='lat' dir='ltr'>erud.</span> <span class='ocrx_word' id='word_1_295' title='bbox 615 3366 660 3431; x_wconf 71' lang='lat' dir='ltr'>(v,</span> <span class='ocrx_word' id='word_1_296' title='bbox 678 3362 729 3432; x_wconf 88' lang='grc' dir='ltr'><strong>Β.).</strong></span> <span class='ocrx_word' id='word_1_297' title='bbox 761 3366 787 3415; x_wconf 79' lang='lat'>2.</span> <span class='ocrx_word' id='word_1_298' title='bbox 805 3359 835 3414; x_wconf 76' lang='lat' dir='ltr'>S.</span> <span class='ocrx_word' id='word_1_299' title='bbox 849 3373 902 3428; x_wconf 80' lang='lat' dir='ltr'>per</span> <span class='ocrx_word' id='word_1_300' title='bbox 919 3361 945 3412; x_wconf 79' lang='lat' dir='ltr'>te</span> <span class='ocrx_word' id='word_1_301' title='bbox 962 3356 1010 3424; x_wconf 89' lang='lat' dir='ltr'>(b.)</span> <span class='ocrx_word' id='word_1_302' title='bbox 1028 3360 1076 3410; x_wconf 79' lang='lat' dir='ltr'>aut</span> <span class='ocrx_word' id='word_1_303' title='bbox 1095 3354 1125 3410; x_wconf 74' lang='lat' dir='ltr'>S.</span> <span class='ocrx_word' id='word_1_304' title='bbox 1144 3356 1214 3408; x_wconf 78' lang='lat' dir='ltr'>dete</span> <span class='ocrx_word' id='word_1_305' title='bbox 1278 3375 1279 3424; x_wconf 56' lang='lat' dir='ltr'>p</span> 
     </span>
     <span class='ocr_line' id='line_1_37' title="bbox 274 3423 1279 3503; baseline -0.009 -18"><span class='ocrx_word' id='word_1_306' title='bbox 274 3429 399 3501; x_wconf 87' lang='lat' dir='ltr'>Popma).</span> <span class='ocrx_word' id='word_1_307' title='bbox 419 3463 451 3472; x_wconf 83' lang='lat'><em>-</em></span> <span class='ocrx_word' id='word_1_308' title='bbox 470 3433 507 3488; x_wconf 88' lang='lat' dir='ltr'>B.</span> <span class='ocrx_word' id='word_1_309' title='bbox 525 3439 651 3503; x_wconf 75' lang='lat' dir='ltr'>raparum</span> <span class='ocrx_word' id='word_1_310' title='bbox 667 3448 689 3488; x_wconf 82' lang='lat' dir='ltr'>r.</span> <span class='ocrx_word' id='word_1_311' title='bbox 709 3431 783 3502; x_wconf 86' lang='lat' dir='ltr'><strong>(W.).</strong></span> <span class='ocrx_word' id='word_1_312' title='bbox 803 3430 864 3485; x_wconf 90' lang='lat' dir='ltr'>Om.</span> <span class='ocrx_word' id='word_1_313' title='bbox 883 3443 940 3496; x_wconf 70' lang='lat' dir='ltr'>roy.</span> <span class='ocrx_word' id='word_1_314' title='bbox 957 3425 1051 3495; x_wconf 69' lang='lat' dir='ltr'>MRI,</span> <span class='ocrx_word' id='word_1_315' title='bbox 1069 3425 1162 3496; x_wconf 80' lang='lat' dir='ltr'>vulgo.</span> <span class='ocrx_word' id='word_1_316' title='bbox 1180 3423 1213 3477; x_wconf 86' lang='lat' dir='ltr'>B.</span> <span class='ocrx_word' id='word_1_317' title='bbox 1278 3431 1279 3462; x_wconf 53' lang='grc' dir='ltr'>ἐ</span> 
     </span>
    </p>
   </div>
   <div class='ocr_carea' id='block_1_4' title="bbox 264 3471 1279 3662">
    <p class='ocr_par' dir='ltr' id='par_1_9' title="bbox 264 3471 1279 3662">
     <span class='ocr_line' id='line_1_38' title="bbox 264 3471 1279 3573; baseline -0.007 -18"><span class='ocrx_word' id='word_1_318' title='bbox 264 3503 359 3569; x_wconf 71' lang='lat' dir='ltr'>ropass&#39;</span> <span class='ocrx_word' id='word_1_319' title='bbox 379 3519 401 3556; x_wconf 78' lang='lat' dir='ltr'>a.</span> <span class='ocrx_word' id='word_1_320' title='bbox 420 3503 462 3557; x_wconf 91' lang='lat' dir='ltr'>ed.</span> <span class='ocrx_word' id='word_1_321' title='bbox 481 3505 519 3558; x_wconf 83' lang='lat' dir='ltr'>M.</span> <span class='ocrx_word' id='word_1_322' title='bbox 538 3504 626 3573; x_wconf 86' lang='lat' dir='ltr'>Bruti,</span> <span class='ocrx_word' id='word_1_323' title='bbox 634 3504 666 3558; x_wconf 87' lang='lat' dir='ltr'>B.</span> <span class='ocrx_word' id='word_1_324' title='bbox 686 3532 719 3542; x_wconf 98' lang='lat'>—</span> <span class='ocrx_word' id='word_1_325' title='bbox 741 3501 929 3556; x_wconf 75' lang='lat' dir='ltr'>Tusculanum</span> <span class='ocrx_word' id='word_1_326' title='bbox 950 3513 972 3552; x_wconf 83' lang='lat' dir='ltr'>e.</span> <span class='ocrx_word' id='word_1_327' title='bbox 989 3501 1121 3552; x_wconf 77' lang='lat' dir='ltr'>uenturus</span> <span class='ocrx_word' id='word_1_328' title='bbox 1142 3493 1214 3565; x_wconf 73' lang='lat' dir='ltr'>(AF,</span> <span class='ocrx_word' id='word_1_329' title='bbox 1278 3471 1279 3522; x_wconf 52' lang='lat' dir='ltr'>i</span> 
     </span>
     <span class='ocr_line' id='line_1_39' title="bbox 265 3566 1120 3662; baseline -0.001 -38"><span class='ocrx_word' id='word_1_330' title='bbox 265 3585 302 3638; x_wconf 76' lang='lat' dir='ltr'>q,</span> <span class='ocrx_word' id='word_1_331' title='bbox 319 3569 339 3624; x_wconf 90' lang='lat' dir='ltr'>l.</span> <span class='ocrx_word' id='word_1_332' title='bbox 357 3587 387 3628; x_wconf 85' lang='lat' dir='ltr'>o:</span> <span class='ocrx_word' id='word_1_333' title='bbox 406 3572 454 3638; x_wconf 89' lang='lat' dir='ltr'>Z.).</span> <span class='ocrx_word' id='word_1_334' title='bbox 476 3572 507 3627; x_wconf 84' lang='grc' dir='ltr'>Τ.</span> <span class='ocrx_word' id='word_1_335' title='bbox 527 3590 547 3628; x_wconf 82' lang='lat' dir='ltr'>e.</span> <span class='ocrx_word' id='word_1_336' title='bbox 566 3576 679 3662; x_wconf 75' lang='lat' dir='ltr'>futurus</span> <span class='ocrx_word' id='word_1_337' title='bbox 696 3571 781 3626; x_wconf 86' lang='lat' dir='ltr'><strong>MRI.</strong></span> <span class='ocrx_word' id='word_1_338' title='bbox 803 3571 961 3626; x_wconf 79' lang='lat' dir='ltr'>Tusculano</span> <span class='ocrx_word' id='word_1_339' title='bbox 979 3584 999 3622; x_wconf 83' lang='lat' dir='ltr'>e.</span> <span class='ocrx_word' id='word_1_340' title='bbox 1017 3569 1070 3636; x_wconf 73' lang='lat' dir='ltr'>fut.</span> <span class='ocrx_word' id='word_1_341' title='bbox 1089 3566 1120 3623; x_wconf 90' lang='lat' dir='ltr'>B.</span> 
     </span>
    </p>
   </div>
   <div class='ocr_carea' id='block_1_5' title="bbox 0 0 1307 3972">
    <p class='ocr_par' dir='ltr' id='par_1_10' title="bbox 0 0 1307 3972">
     <span class='ocr_line' id='line_1_40' title="bbox 0 0 1307 3972; baseline 0 0"><span class='ocrx_word' id='word_1_342' title='bbox 0 0 1307 3972; x_wconf 95' lang='lat' dir='ltr'> </span> 
     </span>
    </p>
   </div>
  </div>
 </body>
</html>
