2522 3960
211 246 472 304 EPISTOLARUM
489 247 539 304 AD
557 247 723 302 ATTICUM
741 247 775 301 V.
795 253 837 304 20.
939 245 1001 311 181

51 393 189 458 resistere
218 392 357 457 videtur:
390 413 450 478 ego
477 393 513 458 in
540 393 607 458 vita
633 415 706 459 mea
733 393 824 458 nulla
851 390 1005 478 umduam

52 481 209 566 voluptate
236 483 331 546 tanta
360 503 430 546 sum
462 481 608 565 affectus,
640 484 762 565 quanta
789 481 914 546 afficior
942 481 1004 544 hac

52 569 246 654 integritate,
277 591 337 642 nec
364 590 415 634 me
442 572 511 634 tam
541 569 642 654 fama,
674 589 756 653 quae
789 590 914 634 summa
946 573 1004 653 est,
1076 575 1078 578 ’

54 678 139 740 quam
162 679 215 722 res
237 657 310 743 ipsa
333 656 480 724 delectat.
524 656 608 734 Quid
635 655 784 741 quaeris?
819 657 883 722 fuit
904 658 1003 722 tanti:

53 767 96 808 mc
116 746 186 830 ipse
210 767 279 811 non
300 767 416 811 noram
437 767 497 811 nec
520 746 598 810 satis
613 745 762 828 sciebam,
785 745 861 828 quid
883 746 919 809 in
942 746 1005 810 hoc

54 853 161 916 genere
183 832 291 900 facere
313 838 562 918 possem31ecte
584 835 606 914 †
625 831 899 900 ΠΕΦΕΟΙΩΑΙε
922 833 1004 898 nihil

55 925 95 984 est
115 923 321 1006 praeclarius.
356 921 493 987 Interim
505 923 586 986 haec
599 917 746 1007 λαμπράε
768 921 1005 987 Ariobarzanes

55 1031 144 1093 opera
175 1032 248 1074 mea
279 1011 368 1094 vivit,
403 1014 531 1096 regnat3
570 1008 615 1075 ἐν·
638 1005 775 1098 παρόδῳ
808 1009 942 1075 consilio
972 1013 1005 1074 et

55 1098 237 1164 auctoritate
266 1101 311 1182 ct,
343 1099 429 1184 quod
455 1099 698 1164 insidiatoribus
726 1099 794 1163 eius
822 1092 1006 1184 ἀπρόσιτον

55 1207 111 1270 me,
141 1208 209 1251 non
235 1187 332 1252 modo
358 1180 615 1272 ἀδωροδόκητον
641 1187 790 1271 praebui,
821 1207 931 1272 regem
957 1207 1004 1250 re-

56 1294 210 1359 gnumque
238 1276 376 1359 servavi3
407 1276 531 1340 interea
558 1298 575 1340 e
604 1272 808 1359 Cappadocia
834 1297 876 1340 ne
903 1275 1005 1359 pilum

56 1363 174 1444 quidem
197 1361 402 1428 —Brutum
431 1365 604 1448 abiectum,
636 1367 793 1449 quantum
815 1365 922 1448 potui,
953 1385 1004 1428 ex·

57 1451 158 1535 citavi,
180 1473 276 1536 quem
298 1474 367 1518 non
388 1453 495 1517 minus
518 1475 591 1517 amo
615 1473 713 1536 quam
734 1453 785 1537 tu,
806 1473 909 1536 paene
932 1451 1006 1537 dixi,

57 1559 145 1620 quam
165 1543 199 1606 te
221 1565 279 1624 -3
306 1543 402 1626 atque
430 1541 528 1606 etiam
553 1563 649 1626 spero
675 1544 746 1606 toto
770 1562 856 1606 anno
879 1541 1006 1624 imperii

57 1627 152 1692 nostri
171 1629 354 1694 teruncium
368 1633 514 1714 sumptus
532 1629 568 1693 in
590 1628 756 1713 provincia
775 1630 903 1694 nullum
925 1629 1005 1694 fore.

57 1712 157 1781 Habes
172 1717 290 1782 omnia.
317 1715 350 1782 N
351 1733 413 1782 unc
435 1718 563 1802 publice
579 1718 704 1782 litteras
719 1717 857 1782 Romam
878 1717 1005 1781 mittere
1019 1731 1031 1772 τ

58 1804 216 1885 parabam:
242 1805 407 1871 uberiores
431 1810 538 1890 erunt,
566 1807 714 1891 quamsi
737 1827 776 1870 ex
797 1805 926 1870 Amano
949 1805 1007 1869 mi-

60 1890 169 1958 sissem.
210 1892 258 1958 Aa
287 1898 321 1959 te
351 1893 475 1958 Romae
505 1916 574 1959 non
604 1894 687 1960 fore!
724 1895 780 1959 sed
812 1898 862 1959 est
892 1895 1007 1978 totum,

61 1980 126 2062 quid
155 1981 313 2048 Kalendis
342 1981 469 2047 Martiis
500 1983 646 2054 futurum
677 1982 732 2066 sit3
770 2003 883 2048 vereor
912 1982 1007 2067 enim,

60 2088 107 2152 ne,
131 2091 229 2153 quum
257 2070 296 2135 de
322 2071 489 2155 provincia
516 2074 644 2156 agetur,
676 2072 703 2136 si
725 2069 845 2136 Caesar
870 2070 1008 2154 resistet,

60 2175 112 2220 nos
132 2159 340 2224 retineamur:
362 2159 414 2224 his
437 2163 474 2224 tu
497 2159 524 2225 si
547 2160 690 2244 adesses,
712 2159 795 2224 nihil
816 2159 971 2222 timerem

137 2245 246 2312 Redeo
270 2247 312 2312 ad
337 2247 476 2332 urbana,
508 2269 589 2332 quae
617 2267 678 2332 ego
707 2247 762 2311 diu
789 2248 945 2332 ignorans
968 2259 1034 2310 exe

62 2333 116 2398 tuis
144 2335 384 2400 iucundissimis
414 2336 532 2400 litteris
564 2357 592 2400 a.
620 2335 649 2400 d.
677 2353 709 2400 v.
734 2334 807 2400 Kal.
839 2333 1007 2400 Ianuarias

63 2419 186 2508 denique
225 2425 373 2509 cognovi.
421 2423 488 2490 Eas
524 2424 768 2510 diligentissime
803 2422 1008 2510 Philogenes,

63 2507 183 2577 libertus
210 2515 302 2594 tuus,
332 2512 456 2578 curavit
482 2513 640 2598 perlonga
667 2516 700 2577 et
725 2534 794 2583 non
825 2513 904 2577 satis
935 2515 1008 2577 tuta

63 2597 105 2663 via
128 2600 349 2684 perferendas,
380 2623 470 2685 nam,
502 2622 582 2685 quas
609 2599 722 2666 Laenii
755 2603 862 2686 pueris
895 2601 1007 2666 scribis

65 2683 151 2773 datas,
172 2711 242 2766 non
265 2710 459 2774 acceperam.
494 2687 641 2755 Iucunda
662 2689 701 2754 de
716 2686 852 2756 Caesare
875 2692 908 2756 et
925 2712 1007 2775 qnae

65 2780 181 2842 senatus
209 2777 350 2842 decrevit
377 2781 513 2862 atquae
540 2779 577 2842 tn
600 2799 723 2862 speras,
754 2779 871 2863 quibus
898 2778 953 2843 ille
980 2779 1009 2844 si

65 2863 143 2949 cedit,
165 2865 248 2930 salvi
270 2887 390 2931 sumus.
419 2864 574 2930 Incendio
587 2864 793 2933 Plaetoriano
816 2868 902 2952 quod
916 2865 1008 2931 Seius

65 2951 218 3018 ambustus
242 2956 301 3038 est,
322 2953 429 3018 minus
451 2954 586 3019 moleste
608 2954 688 3019 fero.
730 2955 885 3020 Lucceius
909 2953 948 3018 de
971 2951 1008 3030 Q.

65 3033 161 3106 Cassio
185 3063 243 3108 ear
264 3045 333 3106 tam
355 3043 527 3108 vehemens
549 3043 648 3108 fuerit
670 3046 704 3108 et
726 3044 803 3128 quid
826 3047 934 3107 actum
955 3041 1009 3127 sit,

88 3300 93 3320 Ι
123 3233 172 3305 Ep.
191 3241 234 3306 20,
254 3241 279 3290 6.
303 3234 519 3290 Hannonem
533 3234 570 3290 M.
591 3237 624 3322 gc.
643 3253 678 3290 ex
697 3235 740 3290 sui
759 3233 863 3289 codicis
878 3232 1007 3304 vestigiis
1106 3311 1107 3314 Ἴ

65 3311 224 3376 scorteum).
257 3307 436 3390 armoricam
454 3306 499 3360 vel
521 3323 688 3389 πεφυσημαι
713 3305 799 3374 (W.)?
826 3305 1008 3374 πεφυσίωμαι

66 3375 565 3517 l.','rBi.,1i-f⁰iiiitaiiiieffiidi>.
583 3375 919 3514 iiiiiid'ffiffroi'
947 3445 1010 3500 eaeo

139 3523 300 3588 caeruleae
321 3520 386 3590 post
405 3525 474 3572 1-7
493 3534 544 3572 scr.
568 3517 662 3585 (Son).
694 3517 819 3572 tiowren.
844 3515 934 3574 Redeo
953 3533 1009 3572 uno
1121 3517 1124 3522 “
1253 3523 1254 3590 ]

68 3583 148 3642 unere
164 3589 259 3660 vulgo.
