2574 3966
178 217 438 276 EPISTOLARUM
456 219 504 274 AD
523 220 687 278 ATTICUII
704 221 776 278 XIII.
797 228 839 276 22.
858 227 900 278 23.
959 220 1024 284 481

60 365 124 428 est.
153 361 275 430 Alteris
297 364 363 430 iam
386 364 502 432 litteris
524 365 606 430 nihil
629 365 671 431 ad
693 387 744 432 me
765 367 802 432 dc
821 365 946 450 Attica3
969 365 1026 431 sed

60 451 96 516 id
122 450 255 536 quidem
281 451 316 518 in
342 453 466 537 optima
493 475 550 538 spe
576 475 677 538 pono,
708 454 788 519 illud
815 475 929 520 accuso
957 475 1027 520 non

61 543 106 622 te,
131 539 190 606 sed
212 540 315 606 illem:
344 563 386 606 ne
409 542 546 608 salutem
569 542 707 627 quidem.
740 541 787 608 At
809 547 846 608 tu
869 546 902 608 et
923 543 972 607 illi
994 545 1027 607 et

60 627 168 693 Piliae
200 629 386 714 plurimam,
421 651 482 696 neo
511 652 563 696 me
594 634 703 696 tamen
735 631 828 698 irasci
865 631 1027 696 indicaris.
1114 653 1116 657 ·

61 715 252 802 Epistolam
275 715 421 784 Caesaris
443 719 527 802 misi,
549 719 577 784 si
599 719 706 786 minus
728 720 870 806 legisses.

490 929 612 996 XXIII.

185 1049 242 1105 Sor.
261 1050 291 1104 in
310 1051 441 1120 Arpinati
458 1067 554 1106 mense
573 1050 709 1117 Quinotili
727 1068 752 1106 a
771 1070 799 1106 a.
817 1067 842 1107 e.
861 1057 921 1108 ⁷09.
962 1037 966 1044 Α
1068 1131 1070 1136 Ι

345 1156 493 1212 CICERO
510 1156 660 1212 ATTICO
679 1157 762 1212 SAL.

137 1261 412 1330 Antemeridianis
425 1266 491 1332 tuis
510 1267 627 1331 litteris
640 1266 711 1330 heri
734 1265 844 1331 sotim
867 1265 1028 1350 rescripsi:
1043 1279 1055 1319 1

68 1373 160 1418 nunc
191 1353 370 1438 respondeo
409 1355 610 1440 vespertinis.
664 1353 785 1420 Brutus
817 1355 947 1419 mallem
978 1375 1029 1418 me

70 1444 261 1524 arcesseret3
293 1444 326 1506 et
348 1443 480 1526 sequius
503 1446 587 1528 eret,
614 1465 713 1527 quum
739 1443 787 1506 illi
810 1443 871 1507 iter
892 1443 1031 1506 instaret

69 1534 104 1595 et
127 1530 272 1596 subitum
295 1534 328 1595 et
353 1531 501 1616 longum,
532 1535 566 1596 et
592 1532 772 1598 mehercule
798 1552 899 1614 nuno,
931 1552 1031 1615 quum

70 1620 119 1684 ita
133 1619 234 1683 simus
249 1618 363 1704 effecti,
385 1623 503 1685 utnon
525 1620 686 1705 possimus
704 1621 800 1704 plane
815 1617 910 1685 simul
923 1620 1031 1685 virere

70 1745 116 1755 -
139 1707 296 1792 intelligis
319 1708 406 1784 enim
427 1709 589 1794 profecto,
620 1711 657 1774 ln
679 1730 742 1792 quo
765 1709 902 1773 maxime
925 1708 1032 1792 posita

71 1798 116 1862 sit
139 1797 323 1880 συμβίωσις
346 1833 398 1881 -,
419 1798 514 1862 facile
536 1798 683 1882 patiebar
702 1819 763 1862 nos
786 1799 894 1881 potius
908 1796 1031 1862 Romae

70 1907 140 1950 une
163 1905 353 1968 essequam
379 1885 415 1950 in
437 1885 629 1952 Insculeno.
674 1885 764 1951 Libri
786 1887 827 1950 ad
850 1885 1058 1950 Varronem

70 1995 142 2040 non
165 1973 384 2059 morabantur,
406 1978 483 2040 sunt
505 1975 591 2040 enim
613 1975 728 2058 effecti,
749 1978 787 2038 ut
809 1972 932 2039 vidisti:
961 1976 1032 2036 ten·

71 2066 146 2128 tum
167 2062 373 2128 hbrariorum
394 2063 512 2127 mende
533 2063 705 2144 tolluntur3
736 2063 776 2125 de
799 2061 915 2145 quibus
941 2060 1033 2124 libris

73 2152 139 2218 scis
161 2171 213 2216 me
237 2150 409 2234 dubitasse,
432 2151 492 2234 sed⁴
510 2155 547 2216 tu
560 2150 687 2216 videris.
720 2149 812 2232 Item,
834 2170 915 2232 quos
929 2147 1032 2212 Bruto

73 2239 245 2322 mittimus,
266 2240 303 2303 in
315 2241 465 2306 menibus
487 2239 610 2304 habent
625 2239 757 2304 librarii.
784 2237 858 2302 Mea
872 2236 1060 2320 mendata,³

73 2332 113 2394 ut
136 2327 259 2412 scribis,
282 2329 418 2412 explice3
441 2350 636 2413 quamquam
649 2328 713 2392 ista
726 2327 907 2392 retentione
921 2345 1033 2390 omnes

74 2417 123 2482 ait
143 2417 193 2482 uti
206 2416 389 2482 Trebatius:
413 2417 490 2502 quid
503 2421 540 2482 tu
553 2418 634 2482 istos
647 2415 766 2500 putes?
788 2414 875 2480 nosti
889 2413 1033 2496 domum3

75 2527 177 2591 quare
201 2505 321 2570 confice
345 2498 500 2588 εὐλαβῶς.
544 2504 736 2570 Incredibile
759 2506 821 2587 est,
854 2524 950 2587 quam
972 2522 1034 2587 ego

74 2596 141 2659 ista
170 2615 239 2659 non
266 2615 387 2658 curem:
414 2595 512 2658 omni
538 2594 598 2658 tibi
630 2592 866 2658 asseveratione
899 2590 1034 2674 affirmo,

76 2683 166 2767 quod
188 2682 269 2747 mihi
290 2682 401 2747 eredas
423 2683 529 2766 velim,
550 2681 631 2747 mihi
648 2681 763 2747 maiori
781 2680 952 2746 offensioni
965 2701 1035 2744 esse
1092 2706 1096 2718 ·

76 2793 176 2856 quarn
191 2771 397 2836 delectationi
408 2769 691 2856 ¹possessiunculas
704 2791 814 2853 meas?
831 2769 935 2855 magis
949 2769 1036 2832 enim

76 2861 173 2925 doleo
200 2881 251 2924 me
277 2881 346 2924 non
372 2859 504 2944 habere,
535 2858 586 2924 oui
613 2857 752 2941 tradam,
784 2879 881 2943 quam
907 2854 1036 2939 habere,

77 2949 136 3034 qui
158 2951 242 3032 utar,
264 2947 367 3015 laetor.
393 2946 502 3032 Atque
516 2947 596 3013 illud
610 2945 781 3012 Trebatius
797 2966 831 3010 se
844 2944 906 3009 tibi
919 2943 1035 3010 dixisse

150 3139 202 3211 Ep.
222 3146 265 3208 22,
285 3148 309 3196 5.
336 3141 427 3196 illam:
444 3157 479 3195 ue
497 3141 571 3266 (Ἥ.
589 3141 620 3208 t,
637 3156 671 3194 ae
688 3139 782 3210 vulgo.
818 3137 871 3207 Ep.
890 3141 932 3205 23,
952 3142 976 3192 1.
994 3137 1037 3190 ito

77 3227 173 3269 eumue
187 3213 235 3280 aff.
255 3213 341 3280 (W.)‘l
360 3242 393 3252 —
412 3213 498 3280 effecti
516 3213 540 3279 (I
570 3214 595 3281 .).
615 3211 667 3279 ces.
684 3209 748 3282 sa,
768 3207 846 3276 Oxx.,
865 3213 913 3276 aa,
932 3223 955 3262 c.
973 3207 1035 3274 deff.

77 3285 117 3340 M.
136 3283 190 3338 do.
211 3291 225 3338 1
245 3283 288 3339 cd.
307 3281 334 3338 b.
354 3283 430 3352 (XI).
457 3283 527 3352 perf.
547 3283 632 3352 (W.)?
665 3281 765 3336 ddeoti
787 3279 815 3347 (1.
836 3295 869 3333 ex
892 3276 1037 3347 „vestigiis

77 3353 183 3411 veteris
202 3353 403 3425 scripturae“)?
422 3353 551 3422 desculpti
570 3353 599 3422 (l.
619 3352 689 3422 conj.
710 3356 787 3419 1584,
805 3349 926 3418 Klotz.)?
962 3354 987 3403 2.
1005 3353 1038 3402 tu

77 3432 171 3482 tamen
188 3426 289 3482 videris
308 3425 379 3494 (edd.
393 3424 490 3493 Madd?
527 3431 550 3480 3.
572 3419 697 3495 εὐλαβῶς
712 3423 770 3491 (ΖΙ.,
785 3423 846 3490 vo).
866 3415 976 3489 εὖαγῶς
989 3419 1037 3486 M„

78 3497 159 3566 Pall,
184 3502 232 3566 al,
255 3513 278 3552 c.
298 3496 392 3567 (ΖΜ).
426 3489 577 3565 εὐαγώγοις
605 3495 651 3563 (b.,
673 3495 734 3564 B.)?
766 3523 798 3534 -
832 3507 915 3562 quom
932 3491 1038 3563 {lauded

78 3569 186 3634 babere,
204 3584 229 3637 q.
247 3583 274 3622 u.
293 3567 383 3637 Atque
400 3566 525 3636 (Gron.)?

133 3655 250 3699 Ciceronis
264 3656 328 3705 eobo.
341 3657 374 3698 11.
841 3655 875 3706 31
