2574 3966
218 266 478 325 nmeromauu
496 269 546 324 no
564 249 736 325 lnurcuu‘
746 272 809 327 111.
829 277 941 328 1s-1s.
990 271 1056 336 427

526 483 632 550 XVII.

82 601 149 658 Sor.
173 603 293 660 Asturae
312 619 407 660 mense
424 604 527 660 Martio
547 606 622 674 (ante
633 605 682 660 III.
692 605 753 660 Kal.
763 605 845 661 Mart.
851 607 874 676 l)
888 623 913 661 a.
924 625 951 661 u.
961 624 984 662 c.
996 613 1056 663 toa.

366 709 515 766 OIOERO
533 709 685 766 ATTIOO
703 709 786 766 SAL.

161 817 347 884 Marcianus
381 817 421 883 ad
453 841 504 885 me
537 820 666 904 scripsit
696 841 747 885 me
775 823 960 886 excusatum
987 841 1056 885 csse

85 907 183 992 apud
214 906 412 993 Appuleium
445 929 465 972 a
496 906 684 993 Laterense,
723 906 871 993 Nasone,
905 906 1058 993 Laenate,

84 993 271 1080 Torquato,
290 993 462 1061 Strabone:
485 996 525 1062 iis
539 997 635 1063 velim
649 1018 721 1062 meo
734 997 865 1062 nomine
879 996 1057 1062 reddendas

86 1082 221 1148 litteras
245 1105 336 1149 cures
364 1087 493 1170 gratnm
520 1085 600 1150 mihi
628 1106 683 1149 eos
709 1084 832 1150 fecisse.
878 1084 971 1161 Quod
997 1106 1056 1169 pro

86 1168 270 1238 Cornificio
301 1194 352 1236 me
381 1171 499 1238 abhinc
526 1173 665 1258 amplius
692 1173 786 1238 annis
808 1190 888 1238 xxv.
918 1195 1057 1257 spopon-

87 1259 182 1326 disse
205 1260 284 1325 dicit
305 1259 452 1345 Flavius,
475 1261 536 1327 etei
558 1282 631 1326 reus
654 1261 797 1347 locuples
820 1263 925 1349 estet
946 1259 1058 1346 Appu-

88 1349 179 1415 leius
200 1349 386 1434 praedictor
407 1349 559 1434 liberalis,
587 1353 699 1415 tamen
720 1349 816 1415 velim
839 1350 895 1414 dec
918 1371 1058 1435 operam,

90 1441 134 1502 ut
154 1437 332 1523 investiges
356 1459 395 1502 ex
417 1459 673 1523 consponsorum
694 1438 824 1522 tabulis,
846 1438 929 1504 sitne
951 1439 999 1504 ita
1014 1474 1056 1485 -

91 1527 178 1590 milri
205 1525 291 1590 enim
318 1528 394 1590 ante
425 1526 621 1592 aedilitatem
648 1547 754 1592 meam
779 1526 862 1592 nihil
889 1529 959 1592 erat
985 1548 1057 1593 cum

93 1611 285 1698 Cornificio3
306 1617 416 1699 potest
436 1617 547 1680 tamen
560 1615 639 1700 fieri,
661 1615 716 1680 sed
731 1615 811 1680 scire
826 1618 949 1680 certum
961 1615 1057 1681 velim

95 1739 149 1788 -,
173 1707 207 1767 et
229 1703 371 1787 appelles
393 1707 628 1789 procuratores,
650 1703 678 1768 si
700 1703 761 1768 tibi
782 1703 923 1770 videtur:
947 1726 1057 1789 quam·

94 1813 195 1876 quam
219 1791 295 1876 quid
316 1792 353 1856 id
373 1791 413 1855 ad
436 1791 509 1856 me?
531 1795 752 1858 verumtamen
773 1829 826 1858 -.
861 1791 912 1858 De
931 1791 1057 1858 Pansae

95 1879 299 1964 profectione
330 1879 463 1964 scribes,
495 1902 594 1965 quum
626 1881 715 1946 scies.
759 1878 904 1945 Atticam
936 1881 1058 1945 salvere

94 1968 173 2033 iube
187 1971 221 2032 et
234 1989 305 2032 eam
319 1989 404 2052 cura,
425 1969 566 2054 obsecro,
589 1968 774 2054 diligentem
796 1967 898 2033 Piliae
912 1968 1058 2034 salutem.

520 2161 643 2228 XVIII.

259 2282 316 2338 Ser.
335 2283 454 2338 Asturae
472 2299 568 2338 mense
584 2281 687 2337 Martio
706 2297 731 2336 a.
750 2299 777 2335 u.
796 2297 819 2335 c.
839 2285 898 2336 700.

369 2387 519 2446 CICERO
536 2386 687 2444 ATTICO
705 2385 787 2442 SAL.

166 2495 253 2562 Dum
275 2497 513 2563 recordationes
531 2497 633 2582 fugio,
656 2517 737 2582 quae
751 2495 843 2580 quasi
857 2515 966 2560 morsu
981 2516 1057 2579 quo·
1072 2513 1085 2553 1

97 2585 174 2651 dam
198 2585 341 2651 dolorem
364 2585 521 2671 efficiunt,
543 2585 669 2670 refugio
693 2584 733 2649 ad
755 2587 788 2650 te
812 2582 1058 2667 admonendum,

96 2674 187 2760 quod
208 2674 304 2739 velim
327 2673 408 2738 milri
429 2675 593 2760 ignoscas,
620 2672 811 2739 cuicuimodi
834 2676 891 2737 est.
926 2669 1059 2737 Etenim

96 2762 203 2827 habeo
226 2763 402 2828 nonnullos
425 2784 464 2828 ex
486 2763 535 2846 iis,
558 2783 638 2846 quos
661 2783 748 2826 nunc
770 2761 879 2827 lectito
903 2763 1059 2846 auctores,

96 2851 155 2936 qui
178 2849 288 2915 dicant
309 2850 379 2915 fieri
400 2849 434 2914 id
457 2853 620 2935 oportere,
651 2849 736 2934 quod
759 2870 854 2934 saepe
876 2852 984 2913 tecum
1006 2848 1058 2934 egi

97 2941 132 3004 et
155 2939 240 3023 quod
264 2961 284 3004 a
305 2943 339 3003 te
362 2939 534 3023 approbari
557 2939 644 3004 volo:
674 2938 713 3002 de
734 2938 813 3002 fano
835 2937 892 3001 illo
916 2937 996 3020 dico,
1019 2935 1058 3000 de

98 3048 163 3112 quo
195 3030 340 3112 tantum,
376 3030 533 3111 quantum
568 3048 620 3092 me
657 3047 760 3110 amas,
795 3025 890 3089 velim
927 3023 1058 3108 cogites.

96 3115 259 3199 Equidem
280 3136 385 3199 neque
407 3115 447 3179 ds
477 3135 593 3201 genere
621 3114 733 3179 dubito
766 3149 808 3160 —
838 3112 946 3196 placet
972 3111 1060 3176 enim

97 3203 179 3268 mihi
202 3201 321 3269 Cluatii
344 3239 387 3251 —-
409 3223 513 3288 neque
537 3203 576 3268 de
598 3223 633 3267 re
654 3239 695 3248 -
721 3203 877 3266 statutum
900 3203 949 3264 est
971 3199 1058 3264 enim

98 3329 152 3377 -,
174 3292 214 3356 de
228 3292 300 3357 loco
313 3313 570 3376 nonnumquam:
592 3290 689 3355 velim
702 3288 802 3374 igitur
816 3287 946 3372 cogites.
975 3287 1058 3372 Ego,

169 3465 222 3537 up.
242 3472 284 3522 rr.
316 3467 384 3537 quac
401 3467 433 3522 sc
454 3465 492 3522 aa
514 3425 570 3534 (u.
588 3475 618 3520 ec
635 3463 707 3534 conj.
725 3463 776 3533 n).
808 3479 832 3532 q.
852 3463 889 3517 aa
910 3461 1003 3532 vulgo.
1023 3491 1056 3502 -

99 3535 142 3592 Dc
161 3536 197 3591 P.
211 3537 381 3606 profectione
404 3537 451 3606 (W
453 3539 478 3606 .).
511 3535 545 3591 P.
560 3553 606 3605 pr.
624 3536 684 3608 Μβ.
718 3535 752 3590 P.
771 3533 965 3604 profectiones
983 3531 1059 3612 ima

100 3607 215 3680 sulgoll
250 3607 303 3679 Ep.
323 3613 366 3678 18,
385 3614 409 3664 1.
428 3607 516 3664 lectito
534 3624 560 3663 a.
578 3606 653 3677 (W.).
672 3606 700 3674 t,
718 3623 744 3662 a.
762 3605 855 3675 vulgo.
