2582 3980
235 263 300 328 622
430 317 433 324 ,
521 260 558 316 Μ.
578 257 701 314 TULLII
718 255 908 313 CICERONIS

234 411 306 474 tota
327 429 362 472 re
384 406 514 492 publica
535 406 629 491 plura
651 402 790 468 scribam
817 405 849 466 et
874 401 1014 466 fortasse
1040 400 1105 464 iam
1126 420 1183 466 cer·

235 497 321 562 tiora
342 496 382 561 iis
404 494 530 580 litteris,
552 514 632 578 quas
645 491 758 558 Veteri
775 494 887 556 nostro
902 488 1087 576 cogitabam
1107 488 1183 553 dare.

694 685 734 751 X.

604 809 646 877 (A.
666 827 693 863 u.
712 824 735 863 c.
756 810 827 877 711.)

533 913 663 972 alcano
680 912 804 970 BRUTO
823 912 899 968 SAL.

210 1051 222 1092 r
302 1026 419 1095 Nullas
434 1026 538 1092 adhuc
552 1048 573 1090 a
586 1027 618 1090 te
640 1024 764 1090 litteras
780 1022 988 1105 habebamus,
1010 1043 1052 1086 ne
1074 1020 1190 1085 famum

237 1118 375 1203 quidem,
398 1137 479 1200 quae
502 1115 679 1180 declararet
700 1116 733 1178 te
758 1112 890 1198 cognita
903 1115 1035 1175 senatus
1058 1109 1189 1174 auctori·

236 1210 304 1296 tate
326 1206 361 1271 in
375 1204 505 1270 Italiam
527 1203 683 1268 adducere
700 1201 883 1285 exercitum,
905 1199 991 1284 quod
1014 1202 1052 1264 ut
1073 1199 1190 1264 faceres

235 1295 332 1380 idque
373 1297 565 1376 maturares,
604 1311 724 1376 magno
766 1310 861 1374 opere
901 1288 1106 1354 desiderabat
1143 1309 1191 1353 res

236 1384 375 1470 publica,
396 1381 592 1467 ingravescit
614 1380 701 1444 enim
722 1378 758 1443 in
772 1377 839 1442 dies
862 1378 1053 1443 intestinum
1076 1379 1192 1442 malum

236 1494 297 1538 nec
329 1472 469 1536 externis
499 1469 648 1535 hostibus
677 1468 783 1553 magis
811 1487 909 1551 quarn
940 1467 1125 1532 domesticis
1150 1468 1191 1531 la

236 1562 399 1644 boramus,
422 1559 479 1644 qui
501 1561 595 1623 erant
617 1557 749 1622 omnino
764 1557 805 1620 ab
819 1556 913 1622 initio
935 1556 1022 1640 belli,
1045 1555 1102 1620 sed
1119 1555 1192 1620 faci-

236 1650 299 1714 lius
330 1647 578 1734 frangebantur:
610 1645 747 1711 erectior
773 1647 905 1710 senatus
933 1647 1003 1709 erat
1029 1666 1099 1710 non
1127 1667 1192 1709 sen-

237 1737 349 1802 tentiis
372 1737 477 1802 solum
499 1735 628 1819 nostris,
650 1733 706 1798 sed
723 1733 820 1798 etiam
842 1733 1123 1800 cohortationibus
1146 1757 1193 1800 ex·
1273 1785 1274 1790 η

213 1909 216 1915 ¹
238 1827 369 1909 citatum
393 1826 463 1889 erat
484 1824 520 1888 in
543 1827 657 1888 senatu
678 1821 757 1887 satis
770 1822 943 1887 vehemens
957 1826 990 1887 et
1002 1843 1078 1889 acer
1090 1823 1195 1890 Pansa

238 1937 338 2000 quum
368 1915 404 1978 in
435 1917 558 1978 ceteros
589 1912 685 1977 huius
718 1911 859 1996 generis,
889 1916 959 1976 tum
991 1913 1132 1978 maxime
1163 1915 1195 1978 in

238 2026 398 2096 socerum,
429 2003 481 2067 cui
507 2001 633 2067 consuli
663 2021 731 2064 non
761 2000 888 2064 animus
921 2000 962 2064 ab
989 2001 1100 2086 initio,
1130 2025 1195 2068 nou

210 2093 317 2158 sfidea
340 2092 381 2157 ad
411 2094 588 2156 extremum
611 2089 726 2172 debrit3
756 2089 878 2154 bellum
905 2089 946 2154 ad
968 2089 1133 2156 Mutinam
1154 2095 1196 2156 ito

238 2180 424 2268 gerebatur,
450 2179 533 2244 nihil
554 2182 592 2244 ut
613 2179 649 2242 in
672 2175 809 2262 Caesare
831 2179 1095 2263 reprehenderes,
1118 2203 1195 2246 non·

238 2271 329 2335 nulla
351 2270 387 2334 in
399 2267 522 2352 Hirti03
543 2267 640 2332 huius
662 2265 739 2331 belli
757 2267 900 2351 fortuna,
921 2270 959 2332 ut
980 2267 1016 2331 in
1039 2269 1196 2354 secundis,

238 2359 333 2442 fluxa,
354 2361 392 2423 ut
413 2357 450 2421 in
472 2356 623 2437 adversis,
645 2355 744 2420 bona:
768 2359 839 2420 erat
858 2356 973 2421 victrix
993 2378 1046 2421 res
1068 2358 1197 2442 publica

239 2447 340 2512 caesis
367 2445 505 2512 Antonii
536 2444 651 2529 copiis,
681 2444 752 2528 ipso
784 2445 929 2528 expulso3
961 2443 1056 2510 Bruti
1084 2446 1197 2512 deinde

238 2537 286 2598 ita
312 2534 416 2599 multa
446 2538 591 2620 peccata,
622 2536 660 2597 ut
691 2532 831 2616 quodam
858 2533 954 2599 modo
984 2535 1121 2600 victoria
1149 2558 1197 2600 ex·

239 2622 359 2687 cideret
373 2645 390 2686 e
404 2623 570 2688 manibus:
593 2621 789 2706 perterritos,
811 2623 959 2705 inermes,
981 2623 1109 2690 saucios
1132 2647 1198 2691 non

240 2715 317 2776 sunt
329 2711 433 2776 nostri
455 2711 551 2776 duces
574 2710 734 2796 persecuti
746 2710 920 2795 datumque
933 2709 1057 2796 Lepido
1070 2717 1199 2799 tempus

240 2804 299 2885 est,
320 2800 355 2865 in
378 2822 442 2884 quo
465 2801 630 2864 levitatem
647 2799 716 2864 eius
730 2819 824 2884 saepe
847 2804 1049 2884 perspectam
1071 2803 1199 2868 maiori·

239 2891 300 2968 bus
323 2890 358 2954 in
381 2888 474 2954 malis
496 2889 720 2973 experiremur.
747 2885 831 2952 Sunt
853 2889 1013 2956 exercitus
1033 2889 1122 2976 boni,
1145 2893 1199 2956 sed

182 3055 185 3066 y
239 2978 335 3042 rudes
357 2977 452 3043 Bruti
475 2981 508 3042 et
529 2975 655 3060 Planci,
687 2979 764 3041 sunt
789 2975 975 3042 fidelissima
1005 2981 1039 3042 et
1059 2979 1200 3045 maxima

240 3067 360 3131 auxilia
382 3064 562 3150 Gallomm3
593 3065 648 3130 sed
676 3062 845 3130 Caesarem
871 3067 951 3130 meis
979 3068 1123 3134 consiliis
1146 3070 1199 3134 ad·

239 3154 304 3220 huc
328 3154 552 3240 gubernatum,
574 3155 740 3240 praeclara
761 3153 869 3238 ipsum
882 3154 990 3220 indole
1004 3156 1199 3222 admirabili·

242 3265 303 3327 que
323 3243 506 3308 constantia
524 3241 770 3328 improbissimis
786 3243 902 3308 litteris
925 3243 1056 3328 quidam
1077 3239 1199 3311 fallaci-

244 3331 364 3415 busque
386 3331 616 3416 interpretibus
631 3353 668 3396 ac
686 3330 809 3395 nubtiis
831 3332 1030 3416 impulerunt
1050 3334 1087 3398 in
1110 3356 1200 3419 spem
1241 3329 1244 3338 ’
1267 3377 1268 3384 1

243 3418 454 3484 certissimam
490 3420 692 3503 consulatus,
730 3419 817 3503 quod
849 3420 944 3485 simul
976 3425 1073 3506 atqua
1104 3425 1201 3509 sensi,

233 3569 244 3592 i
313 3604 364 3674 Ep.
386 3614 427 3675 10,
446 3614 470 3664 2.
492 3609 636 3666 Mutinam
653 3611 695 3666 itu
712 3627 766 3682 per.
786 3612 862 3684 (Ν).
881 3613 924 3668 Μ.
943 3629 970 3684 9.
988 3614 1081 3686 vulgo.
