2594 3976
245 244 312 309 564
528 243 565 299 Μ.
585 243 708 298 TULLII
726 241 918 298 CICERONIS
1020 243 1030 256 ¹

244 390 384 473 aliquam
399 387 569 475 significat,
590 389 730 472 itemque
744 387 843 453 ceteri
864 388 1032 472 praeclara
1043 388 1203 470 scribunt3

244 474 403 542 Leonides
425 481 535 542 tamen
548 477 667 542 retinet
687 497 781 541 suum
793 477 874 541 illud
896 476 1046 561 „adhuc“,
1067 477 1204 542 summis

244 587 320 632 vero
334 565 483 631 laudibus
497 563 656 631 Herodes:
680 565 756 649 quid
771 564 924 649 quaeris?
947 567 998 630 vel
1012 566 1107 631 verba
1119 565 1204 630 mihi

244 655 314 720 dari
340 655 435 720 facile
465 655 572 739 patior
602 654 638 718 in
664 653 726 718 hoc
758 674 871 738 meque
898 653 1037 718 libenter
1063 655 1205 738 praebeo

244 743 422 809 credulum:
454 747 492 808 tu
514 743 624 826 velim,
650 742 679 806 si
701 742 778 826 quid
801 742 861 806 tibi
884 745 935 806 est
956 764 977 806 a
999 740 1104 811 Statio
1125 743 1206 807 scri·

245 836 349 917 ptum,
376 831 462 917 quod
484 832 646 916 pertineat
668 831 709 894 ad
736 851 801 915 me,
829 831 998 897 certiorem
1019 852 1071 896 me
1092 831 1206 896 facias.

655 989 743 1054 XVI.
757 990 787 1056 b.

369 1111 427 1168 Sor.
446 1111 476 1166 in
495 1109 605 1165 Antiati
622 1111 718 1165 medio
734 1130 770 1165 m.
790 1111 869 1166 Iunio
889 1129 913 1165 a.
933 1129 960 1164 u,
978 1127 1003 1166 c.
1024 1117 1083 1165 710.

517 1215 665 1272 OIOERO
683 1215 834 1272 ATTICO
852 1215 936 1272 SAL.

309 1325 415 1392 Narro
437 1326 509 1391 tibi:
532 1325 612 1392 haec
634 1327 706 1391 loca
720 1329 856 1391 venusta
874 1329 960 1410 sunt,
983 1325 1094 1390 abdita
1117 1329 1203 1391 certe

244 1421 285 1501 et,
299 1417 326 1481 si
340 1415 416 1500 quid
430 1415 568 1480 scribere
582 1415 669 1500 velie,
683 1414 724 1480 ab
739 1414 868 1479 arbitris
877 1414 987 1479 libera.
1015 1413 1078 1480 Sed
1094 1416 1204 1480 nescio

245 1505 405 1589 quomodo
430 1497 521 1580 οἶκος
542 1506 653 1588 otios:
676 1503 784 1588 itaque
807 1524 859 1568 me
881 1502 1028 1567 referunt
1049 1502 1147 1587 pedes
1171 1504 1206 1568 in

244 1593 476 1676 Tusculanum,
507 1595 540 1657 et
571 1595 682 1656 tamen
712 1592 794 1657 haec
825 1590 1046 1676 §cauponula
1079 1591 1205 1676 ripulac

243 1681 369 1746 videtur
390 1681 543 1746 habitura
565 1681 699 1746 celerem
715 1681 911 1764 satietatem3
934 1679 1082 1764 equidem
1106 1681 1205 1746 etiam

245 1768 370 1853 pluvias
401 1772 526 1854 metuo,
564 1770 592 1834 si
622 1768 835 1855 Prognostica
866 1773 980 1834 nostra
1010 1790 1087 1834 vers
1120 1775 1205 1852 sunt,

244 1878 341 1922 ranae
365 1857 451 1921 enim
474 1852 724 1942 ῥητορεύουσιν.
768 1858 831 1940 Tu,
859 1878 992 1942 quaeso,
1018 1857 1073 1922 fac
1095 1858 1205 1942 sciam,

244 1946 300 2012 ubi
323 1945 461 2012 Brutum
482 1951 630 2012 nostrum
654 1951 687 2012 et
709 1967 772 2031 quo
796 1946 847 2010 die
871 1946 978 2012 videre
1000 1946 1134 2031 possim.

672 2085 777 2152 XVII.

326 2207 383 2265 Scr.
403 2208 433 2264 in
451 2207 560 2265 Antiati
577 2208 713 2279 postridie
731 2208 797 2264 Idus
816 2208 911 2263 Iunias
931 2225 955 2261 a.
974 2227 1000 2263 u.
1021 2226 1043 2263 c.
1065 2216 1127 2265 ⁷10.

519 2313 667 2371 CICERO
684 2313 834 2370 ATTICO
852 2312 936 2370 SAL.

311 2423 400 2489 Duas
415 2424 524 2508 accepi
541 2422 695 2508 postridie
709 2421 796 2507 ldus,
818 2422 953 2487 alteram
967 2443 1005 2488 eo
1019 2421 1071 2486 die
1085 2422 1207 2507 datam,

245 2513 380 2577 alteram
406 2511 529 2586 Idibus:
565 2511 655 2596 prius
676 2509 777 2596 igitur
805 2511 971 2594 superiori.
1014 2509 1063 2576 De
1091 2509 1206 2596 Bruto,

246 2621 344 2684 quum
369 2601 459 2666 scies.
485 2599 535 2666 De
550 2601 718 2665 consulum
735 2599 811 2666 ficto
835 2601 951 2664 timore
974 2619 1204 2685 cognoveram

246 2685 338 2753 Sicca
360 2689 447 2752 enim
469 2684 697 2773 φιλοστόργως
718 2687 772 2752 ille
796 2687 934 2773 quidem,
957 2687 1012 2752 sed
1027 2690 1205 2755 tumultuo-

247 2776 313 2841 sius
336 2776 377 2840 ad
399 2797 451 2842 me
473 2777 572 2842 etiam
594 2777 683 2841 illam
704 2774 920 2860 suspicionem
942 2777 1084 2860 pertulit.
1122 2775 1204 2853 Quid
1278 2813 1279 2854 ;

246 2870 282 2929 tu
306 2865 435 2930 autem?
457 2860 497 2930 τὰ
520 2861 581 2950 μὲν
604 2860 789 2949 ὃιδόμεναῗ
811 2865 938 2930 nullum
961 2865 1047 2930 enim
1069 2867 1204 2931 verbum

247 2975 266 3017 a
288 2954 309 3031 †
333 2951 470 3039 Siregio:
502 2974 571 3019 non
596 2954 711 3037 placet.
755 2952 805 3019 De
827 2952 989 3020 Plaetorio
1017 2953 1125 3020 vicino
1148 2959 1204 3020 tuo

246 3041 1204 3216 tilithi}rilintl⁹mi⁰³intf¹lillill⁵euq”licii

247 3220 284 3281 ut
307 3217 454 3302 arbitror,
476 3218 628 3284 facillime
650 3219 833 3285 deterrebis.
865 3217 1007 3285 Ammoni
1029 3221 1127 3306 vetui,
1150 3221 1203 3286 sed

247 3303 391 3369 nondum
406 3327 575 3392 acceperas
596 3308 731 3391 litteras,
754 3331 795 3373 ne
810 3309 959 3394 cuiquam
977 3309 1040 3374 nisi
1055 3308 1090 3374 L.
1104 3309 1203 3375 Fadio

249 3392 358 3476 aedili,
391 3394 484 3458 aliter
511 3397 597 3461 enim
626 3417 686 3462 nec
709 3401 802 3463 caute
824 3419 884 3463 nec
906 3399 975 3463 iure
997 3398 1067 3464 fieri
1089 3401 1202 3484 potest

250 3475 341 3574 Quod
365 3481 476 3546 scribis
493 3483 553 3548 tibi
568 3485 677 3551 deesse
691 3484 756 3552 Hs.
770 3484 814 3571 0,
836 3509 918 3572 quae
932 3484 1080 3552 Ciceroni
1094 3491 1203 3554 curata

250 3567 328 3647 s1nt,
360 3568 455 3632 velim
482 3570 522 3635 ab
551 3571 650 3638 Erote
678 3597 828 3660 quaeras,
859 3576 915 3641 ubi
942 3577 985 3641 sit
1013 3597 1135 3644 merces
1158 3578 1203 3642 in·
