2574 3966
189 239 450 297 seleucianum
468 241 518 297 ΑΙ)
536 241 700 298 simeon
718 243 779 299 XII.
798 251 915 301 33-36.
968 245 1035 311 445

491 456 624 524 XXXV.

173 575 232 632 Sar.
250 578 371 632 Asturae
389 580 507 633 amunte
524 595 619 634 mense
638 578 731 650 Aprili
749 596 774 635 a.
792 597 819 635 n.
839 597 862 634 a.
882 585 942 636 709,

347 681 496 739 eloneo
513 679 664 740 ATTICO
681 683 766 742 SAL.

140 787 199 878 [2.]
223 789 410 878 Antequam
432 815 453 858 a
473 797 507 859 te
529 793 673 878 proxime
696 795 837 878 discessi,
859 817 1037 881 numquam

63 879 156 944 mihi
194 881 282 944 veuit
312 879 348 946 iu
379 884 535 966 mentem,
570 904 635 968 quo
665 885 740 968 plus
770 884 971 970 insumptum
1001 885 1037 950 in

63 972 323 1034 monumentum
354 973 440 1034 esset
467 992 565 1054 quam
593 971 702 1037 nescio
731 972 821 1058 quid,
852 973 937 1058 quod
964 974 1037 1058 lege

65 1055 278 1140 conceditur,
303 1057 496 1125 tantundem
523 1060 643 1144 populo
672 1060 814 1126 dandum
837 1083 920 1147 esse,
950 1061 1038 1148 quod

65 1167 143 1210 non
167 1167 287 1230 magno
312 1167 408 1230 opere
430 1167 478 1212 ore
500 1151 653 1232 moveret,
674 1149 739 1214 nisi
762 1186 804 1196 -
827 1151 935 1216 nescio
960 1172 1037 1234 quo-

65 1233 183 1315 modo,
207 1227 335 1316 ἀλόγως
356 1234 556 1301 fortasse-
571 1235 691 1302 nollem
713 1238 794 1304 illud
816 1239 883 1305 ullo
905 1239 1037 1306 nomine

67 1322 139 1386 nisi
162 1321 231 1386 fani
247 1323 414 1407 appellari3
439 1325 525 1408 quod
544 1325 571 1390 si
584 1327 741 1412 volumus,
763 1348 884 1412 vereor,
895 1349 938 1394 ne
951 1349 1037 1393 asse·

69 1411 131 1494 qui
155 1432 223 1475 nou
246 1412 406 1495 possimus
428 1413 493 1477 nisi
515 1416 640 1479 mutato
661 1414 743 1480 loco.
774 1415 847 1481 Hoc
869 1417 963 1500 quale
986 1417 1038 1500 sit,

69 1521 212 1582 quaeso,
238 1499 419 1584 considera3
450 1523 540 1586 nam,
566 1503 628 1567 etsi
654 1503 761 1567 miuus
783 1525 901 1589 urgeor
922 1526 1038 1589 meque

69 1588 146 1671 ipse
169 1588 402 1671 propemodum
422 1590 546 1675 collegi,
568 1593 678 1655 tamen
691 1592 822 1679 indigeo
835 1593 884 1657 tui
898 1594 1037 1659 consilii:

70 1676 187 1759 itaque
210 1681 243 1740 te
257 1676 462 1743 vehementer
475 1679 573 1742 etiam
589 1682 685 1763 atque
700 1680 798 1745 etiam
820 1702 910 1767 rogo,
932 1682 1038 1768 magis

73 1786 176 1847 quam
199 1786 219 1828 a
241 1785 292 1829 me
314 1766 363 1830 vis
384 1768 441 1830 aut
463 1767 584 1850 pateris
597 1772 630 1831 te
644 1770 763 1855 rogari,
784 1773 822 1835 nt
843 1769 928 1835 hanc
950 1771 1037 1857 cogi·

72 1853 236 1919 maenam
257 1856 328 1920 toto
350 1858 480 1939 pectore
502 1856 707 1941 amplectere.

485 2135 635 2202 XXXVI.

172 2255 230 2312 Ser.
248 2256 368 2312 Asturae
385 2259 505 2312 exeunte
523 2273 618 2313 mense
635 2257 729 2328 Aprili
746 2274 771 2314 a.
790 2275 817 2314 n
836 2273 860 2313 a.
883 2261 940 2314 109.

349 2361 499 2420 CICERO
515 2363 667 2420 ATTICO
684 2363 768 2419 SAL.

144 2471 272 2536 Fanum
294 2472 364 2538 fieri
386 2473 475 2557 volo,
500 2494 605 2557 neque
626 2473 690 2564 hpe
711 2472 793 2538 mihi
815 2472 896 2558 eripi
917 2475 1063 2558 potesttr

76 2561 218 2646 sepulcri
250 2560 493 2627 similitudinem
528 2562 668 2647 effugere
703 2583 773 2628 non
804 2565 873 2626 tam
908 2565 1041 2647 propter

75 2649 218 2756 poenam
249 2649 331 2734 legis
362 2650 491 2733 studeo,
522 2671 620 2735 quam
650 2653 688 2716 nt
718 2650 857 2716 maxime
888 2672 1040 2736 assequar

76 2735 287 2802 αποθέωσινε
310 2737 396 2822 quod
418 2742 575 2823 poteram,
597 2739 678 2803 siin
699 2738 771 2823 ipsa
793 2740 870 2805 villa
891 2739 1041 2825 facerem,

77 2826 144 2909 sed,
167 2829 206 2891 nt
228 2847 323 2909 saepe
345 2827 447 2892 locuti
469 2848 588 2910 sumus,
611 2828 881 2895 commutationes
895 2827 1040 2894 domino·

75 2937 149 2978 rum
182 2913 371 2998 reformido;
402 2915 438 2979 in
469 2936 548 3002 agro
580 2915 773 3001 ubicumque
804 2916 924 2999 fecero,
959 2915 1041 2980 mihi

76 3003 190 3068 videor
205 3004 331 3087 assequi
347 3025 451 3088 posse,
472 3007 510 3068 ut
522 3005 695 3088 posteritas
709 3005 830 3070 habeat
841 3004 1040 3089 religionem.

76 3091 149 3156 Hae
173 3113 263 3156 meae
285 3091 346 3156 tibi
368 3091 512 3176 ineptiae
529 3093 692 3158 -fateor
713 3093 800 3157 euim
823 3127 868 3140 -
888 3090 1040 3158 ferendae
1082 3142 1085 3152 ,

78 3183 169 3244 snut:
191 3201 260 3245 uon
281 3179 397 3264 habeo,
418 3201 460 3245 ne
483 3201 535 3246 me
549 3181 678 3266 quidem
690 3181 808 3266 ipsum,
829 3180 959 3265 quicum
971 3184 1040 3244 tam

148 3371 202 3440 Ep.
220 3377 263 3441 35,
283 3378 308 3426 2.
340 3372 497 3441 Amorem
514 3389 533 3428 o
550 3377 635 3442 tepr.
654 3374 689 3442 (a.
707 3387 736 3427 aa
763 3371 802 3440 0.,
821 3371 877 3442 Zb.‚
895 3371 914 3426 l.
932 3371 964 3427 in
981 3387 1038 3426 cnr.

78 3444 111 3498 H.
131 3459 160 3496 a:
179 3442 238 3512 Zl).
271 3441 524 3510 Omotelsstl,
544 3442 622 3512 01¹„
641 3443 672 3496 Β.
706 3473 740 3484 -
772 3446 1041 3512 operememovmt

78 3514 168 3652 &leia
185 3514 237 3653 ppo
250 3515 323 3654 ῗιοηοά)
339 3529 380 3568 mc
397 3529 455 3569 noa
471 3529 506 3569 m.
525 3529 549 3568 o.
567 3531 602 3569 m.
621 3515 662 3582 (B.
682 3513 783 3584 conj.)?
816 3513 876 3570 Om.
894 3529 936 3568 ore
952 3513 1039 3584 vulgo
