2570 3958
179 206 242 270 142
460 206 499 261 M.
518 203 642 261 TULLII
660 203 852 262 CICERONIS
949 252 951 258 .

176 373 218 418 ne
245 351 365 416 diutius
391 350 546 435 pendeas,
581 351 722 435 palmam
748 350 840 432 tulit,
875 349 931 414 sed
958 349 1039 415 nihil
1065 353 1143 414 tam

176 439 343 525 pusillum,
369 439 452 504 nihil
474 442 543 504 tam
565 439 634 504 sine
656 459 747 520 voce,
770 438 852 502 nihil
873 442 942 503 tam
964 439 996 522 *ς
1022 460 1144 504 verum
1280 495 1281 502 ,

176 528 257 593 haec
270 531 306 592 tu
319 531 427 593 tecum
439 527 568 593 habeto.
595 526 636 591 In
648 526 878 592 Andromacha
898 531 1009 592 tamen
1030 527 1141 593 maior

176 617 254 699 fuit,
275 637 373 700 quam
395 615 577 700 Astyanax,
603 616 639 679 in
662 615 774 680 ceteris
800 636 911 699 parem
937 615 1052 680 habuit
1078 637 1140 680 ne-

178 705 306 770 minem.
342 703 476 781 Quaeris
497 725 585 769 nunc
607 703 646 768 de
669 702 865 768 Arbuscula:
888 703 981 768 valde
1003 704 1141 788 placuit

177 793 261 859 Ludi
287 791 452 879 magnifici
478 797 511 857 et
538 792 636 878 grati3
667 792 797 856 venatio
829 792 864 856 in
892 791 979 857 aliud
1005 797 1141 877 tempus

151 882 286 946 :dilata
332 879 470 965 Sequere
497 901 584 945 nunc
610 902 662 944 mc
691 879 727 945 in
749 901 907 964 campum.
943 879 1046 965 Ardet
1067 903 1139 945 am-

177 970 278 1054 bitus3
309 969 398 1054 σῆμα
421 966 462 1034 δέ
483 991 536 1034 roe
563 967 658 1054 ἐρέωε
689 968 785 1034 fenus
814 990 853 1033 ex
878 969 996 1034 triente
1022 968 1142 1034 Idibus

178 1057 394 1134 Quinctilibus
425 1057 548 1122 factum
580 1060 650 1122 erat
680 1056 837 1122 bessibus.
882 1055 992 1122 Dices:
1028 1058 1138 1141 „istuc

178 1148 308 1230 quidem
339 1167 407 1213 non
438 1146 572 1212 moleste
603 1144 701 1211 fero.“
750 1148 775 1210 Ο
808 1146 925 1210 virum!
967 1168 986 1211 o
1018 1147 1139 1212 civem!

178 1235 366 1300 Memmium
392 1231 538 1298 Caesaris
571 1255 682 1299 omnes
714 1254 792 1319 opes
823 1233 1029 1318 confirmant:
1060 1255 1140 1300 cum

178 1345 216 1388 eo
248 1322 428 1388 Domitium
468 1322 616 1386 consules
652 1320 840 1406 iunxerunt,
876 1343 940 1406 qua
974 1323 1138 1408 pactione,

178 1411 332 1495 epistolae
355 1410 555 1476 committere
577 1432 645 1475 non
667 1411 778 1476 audeo.
820 1409 993 1495 Pompeius
1014 1412 1138 1496 fremit,

179 1501 331 1584 queritur,
353 1495 473 1564 Scauro
488 1498 603 1582 studet,
626 1499 691 1582 sed,
713 1503 823 1564 utrum
834 1499 942 1564 fronte
957 1522 999 1564 an
1016 1503 1139 1584 mente,

178 1587 353 1652 dubitatur.
394 1579 508 1671 Ἐξοχὴ
540 1588 575 1652 in
606 1588 696 1652 nullo
728 1591 790 1652 est:
825 1588 962 1671 pecunia
989 1588 1163 1653 omnium·

178 1675 370 1761 dignitatem
391 1679 562 1760 'exaequet
610 1675 763 1741 Messalla
792 1676 939 1761 languet,
969 1697 1037 1742 non
1069 1698 1138 1761 quo

179 1767 236 1829 aut
257 1763 385 1828 animus
408 1763 491 1828 desit
513 1767 570 1828 aut
592 1763 696 1848 amici,
718 1764 773 1828 sed
795 1765 893 1830 coitio
916 1766 1085 1830 consulum
1107 1771 1140 1830 et

153 1852 351 1936 'Pompeius
374 1851 503 1917 obsunt.
539 1851 588 1916 Ea
609 1853 740 1918 comitia
762 1857 841 1936 puto
863 1852 933 1918 iore
955 1857 993 1918 ut
1015 1853 1137 1918 ducan-

176 1945 239 2006 tur.
276 1940 453 2006 Tribunicii
466 1941 629 2004 candidati
642 1942 791 2006 iurarunt
804 1963 837 2006 se
852 1941 985 2008 arbitrio
999 1940 1139 2008 Catonis

177 2029 348 2114 petituros:
371 2029 457 2114 apud
480 2051 553 2093 cum
566 2027 633 2094 HS.
654 2029 818 2115 quingena
840 2030 1066 2114 deposuerunt,
1088 2035 1139 2116 ut,

178 2118 233 2202 qui
256 2141 276 2182 a
299 2116 422 2185 (latone
445 2116 617 2183 damnatus
639 2122 737 2202 esset,
767 2118 801 2183 id
824 2119 971 2202 perderet
993 2122 1027 2184 et
1048 2141 1138 2184 com-

150 2207 369 2290 epetitoribus
390 2207 593 2272 tribueretur.
628 2205 719 2272 Haec
739 2226 799 2292 ego
822 2207 924 2290 pridie
947 2207 1139 2293 scribebam,

178 2317 275 2378 quam
307 2294 437 2362 comitia
467 2295 489 2376 †
517 2295 553 2360 in
583 2295 653 2360 fore
684 2295 896 2379 putabantur3
932 2295 987 2360 sed
1020 2296 1061 2360 ad
1090 2299 1140 2381 te,

133 2393 135 2398 ’
179 2383 291 2467 quinio
307 2382 379 2448 Kal.
394 2381 503 2448 Sextii.
525 2383 553 2448 si
575 2383 663 2448 facta
685 2387 781 2448 erunt
802 2386 836 2448 et
856 2384 1043 2449 tabellarius
1065 2406 1138 2449 non

178 2470 240 2534 erit
261 2471 434 2554 profectus,
455 2475 527 2537 tota
549 2473 679 2537 comitia
700 2472 910 2555 perscribam,
933 2493 1015 2556 quae
1038 2473 1075 2556 si,
1096 2477 1141 2537 ut

178 2562 343 2643 putantur,
365 2560 508 2645 gratuita
529 2560 664 2645 fuerint,
686 2561 759 2644 plue
781 2581 866 2626 unus
888 2557 969 2626 Octo
991 2561 1140 2646 potuerit

152 2666 276 2732 equam
298 2667 401 2713 omnes
415 2648 490 2731 reyes
513 2669 686 2733 omnesque
709 2648 838 2714 iudices.
865 2647 1003 2714 Messius
1026 2649 1139 2714 defen-

178 2735 314 2800 debatur
334 2736 462 2801 anobis
484 2737 523 2802 de
545 2738 708 2822 legatione
730 2741 955 2803 revocatus-
970 2758 1047 2802 nam
1061 2759 1137 2803 eum

179 2821 310 2890 Caesari
330 2824 456 2910 legarat
477 2823 604 2909 Appius
627 2849 684 2890 —:
715 2824 868 2890 Servilius
891 2827 999 2908 edixit,
1020 2830 1058 2892 ut
1080 2826 1137 2891 ad·

179 2916 272 2978 essct.
307 2911 424 2978 'I‘ribus
437 2913 537 2978 habet
549 2913 765 2998 Pomptinam,
781 2913 941 2996 Velinam,
964 2914 1139 2980 Maeciam:

178 3005 343 3087 pugnatur
370 3001 498 3084 acriter3
530 3001 638 3086 agitur
664 3005 774 3067 tamen
807 3003 893 3067 satis.
929 3002 1054 3068 Deinde
1083 3025 1139 3068 me

179 3090 312 3174 expedio
344 3088 386 3154 ad
412 3088 569 3174 Drusum,
600 3089 674 3154 inde
706 3090 747 3155 ad
775 3088 942 3156 Scaurum:
977 3095 1140 3176 parantur

250 3333 301 3402 Ep.
322 3340 364 3402 15,
383 3341 408 3390 6.
440 3339 497 3390 tam
514 3335 545 3401 *ς
564 3351 589 3390 o.
608 3336 683 3406 (W.).
714 3340 772 3391 tam
789 3337 913 3392 &enum
931 3335 1139 3404 (Hirschfeld.)?

179 3407 371 3470 tam....o.,
389 3406 422 3458 ut
440 3405 478 3459 sit
496 3405 592 3475 eposio
613 3406 681 3474 esis,
699 3406 755 3461 bB.
777 3437 813 3446 -
833 3423 925 3462 oerum
942 3408 992 3462 too
1009 3408 1078 3474 (W.;
1098 3407 1136 3462 M.

180 3488 204 3526 o.
222 3473 297 3539 ted?
347 3479 371 3527 7.
404 3490 429 3528 a.
448 3477 474 3529 ei
491 3476 560 3530 desit
615 3479 652 3544 .)?
675 3505 709 3518 -·
727 3479 862 3546 perderet,
880 3483 912 3532 ut
929 3493 950 3532 c.
970 3477 1012 3546 (Β.
1031 3477 1140 3546 conii?

181 3547 205 3596 8.
237 3556 302 3594 corn.
320 3545 339 3607 †
355 3543 389 3596 ia
405 3544 464 3609 fore
487 3545 596 3616 (MW.).
629 3562 651 3601 c.
673 3563 707 3604 ea
727 3548 749 3616 f.
772 3548 830 3619 (W)
857 3551 908 3604 aut
929 3564 950 3603 c.
973 3548 994 3616 f.
1018 3547 1140 3618 (vulgo).
