<?xml version="1.0" encoding="UTF-8"?>
<!DOCTYPE html PUBLIC "-//W3C//DTD XHTML 1.0 Transitional//EN"
    "http://www.w3.org/TR/xhtml1/DTD/xhtml1-transitional.dtd">
<html xmlns="http://www.w3.org/1999/xhtml" xml:lang="en" lang="en">
 <head>
  <title>
</title>
<meta http-equiv="Content-Type" content="text/html;charset=utf-8" />
  <meta name='ocr-system' content='tesseract 3.04.00' />
  <meta name='ocr-capabilities' content='ocr_page ocr_carea ocr_par ocr_line ocrx_word'/>
</head>
<body>
  <div class='ocr_page' id='page_1' title='image "./epistolae01wesegoog_0326.png"; bbox 0 0 2484 3974; ppageno 0'>
   <div class='ocr_carea' id='block_1_1' title="bbox 271 250 945 315">
    <p class='ocr_par' dir='ltr' id='par_1_1' title="bbox 271 250 945 315">
     <span class='ocr_line' id='line_1_1' title="bbox 271 250 945 315; baseline -0.012 0"><span class='ocrx_word' id='word_1_1' title='bbox 271 252 336 315; x_wconf 80' lang='lat'>316</span> <span class='ocrx_word' id='word_1_2' title='bbox 553 253 590 308; x_wconf 86' lang='grc' dir='ltr'>Μ,</span> <span class='ocrx_word' id='word_1_3' title='bbox 612 252 736 308; x_wconf 84' lang='lat' dir='ltr'>TULLII</span> <span class='ocrx_word' id='word_1_4' title='bbox 754 250 945 308; x_wconf 80' lang='lat' dir='ltr'>CICERONIS</span> 
     </span>
    </p>
   </div>
   <div class='ocr_carea' id='block_1_2' title="bbox 243 395 1222 1276">
    <p class='ocr_par' dir='ltr' id='par_1_2' title="bbox 243 395 1222 1276">
     <span class='ocr_line' id='line_1_2' title="bbox 270 395 1222 482; baseline 0.003 -22"><span class='ocrx_word' id='word_1_5' title='bbox 270 395 357 480; x_wconf 87' lang='lat' dir='ltr'>movi,</span> <span class='ocrx_word' id='word_1_6' title='bbox 379 417 452 462; x_wconf 90' lang='lat' dir='ltr'>eum</span> <span class='ocrx_word' id='word_1_7' title='bbox 474 397 564 482; x_wconf 87' lang='lat' dir='ltr'>prius</span> <span class='ocrx_word' id='word_1_8' title='bbox 579 400 655 462; x_wconf 88' lang='lat' dir='ltr'>tuae</span> <span class='ocrx_word' id='word_1_9' title='bbox 669 396 837 482; x_wconf 75' lang='lat' dir='ltr'>dignitatis</span> <span class='ocrx_word' id='word_1_10' title='bbox 859 419 956 482; x_wconf 88' lang='lat' dir='ltr'>quam</span> <span class='ocrx_word' id='word_1_11' title='bbox 980 420 1058 463; x_wconf 88' lang='lat' dir='ltr'>suae</span> <span class='ocrx_word' id='word_1_12' title='bbox 1081 395 1222 463; x_wconf 82' lang='lat' dir='ltr'>utilitatir</span> 
     </span>
     <span class='ocr_line' id='line_1_3' title="bbox 243 483 1221 570; baseline 0.007 -28"><span class='ocrx_word' id='word_1_13' title='bbox 243 485 430 550; x_wconf 76' lang='lat' dir='ltr'>arationem</span> <span class='ocrx_word' id='word_1_14' title='bbox 464 484 661 551; x_wconf 87' lang='lat' dir='ltr'>habiturum.</span> <span class='ocrx_word' id='word_1_15' title='bbox 709 483 798 550; x_wconf 88' lang='lat' dir='ltr'>Haec</span> <span class='ocrx_word' id='word_1_16' title='bbox 829 498 926 570; x_wconf 82' lang='lat' dir='ltr'>quam</span> <span class='ocrx_word' id='word_1_17' title='bbox 962 486 1143 570; x_wconf 76' lang='lat' dir='ltr'>prudenter</span> <span class='ocrx_word' id='word_1_18' title='bbox 1172 486 1221 550; x_wconf 86' lang='lat' dir='ltr'>titi</span> 
     </span>
     <span class='ocr_line' id='line_1_4' title="bbox 272 572 1221 659; baseline 0.002 -23"><span class='ocrx_word' id='word_1_19' title='bbox 272 572 422 656; x_wconf 87' lang='lat' dir='ltr'>scribam,</span> <span class='ocrx_word' id='word_1_20' title='bbox 445 574 567 659; x_wconf 83' lang='lat' dir='ltr'>nescio,</span> <span class='ocrx_word' id='word_1_21' title='bbox 590 574 646 639; x_wconf 85' lang='lat' dir='ltr'>sed</span> <span class='ocrx_word' id='word_1_22' title='bbox 667 573 748 638; x_wconf 87' lang='lat' dir='ltr'>illud</span> <span class='ocrx_word' id='word_1_23' title='bbox 770 576 855 638; x_wconf 89' lang='lat' dir='ltr'>certe</span> <span class='ocrx_word' id='word_1_24' title='bbox 878 573 958 657; x_wconf 87' lang='lat' dir='ltr'>scio,</span> <span class='ocrx_word' id='word_1_25' title='bbox 980 596 1033 639; x_wconf 90' lang='lat' dir='ltr'>me</span> <span class='ocrx_word' id='word_1_26' title='bbox 1056 575 1101 640; x_wconf 86' lang='lat' dir='ltr'>ab</span> <span class='ocrx_word' id='word_1_27' title='bbox 1125 574 1221 659; x_wconf 82' lang='lat' dir='ltr'>singu·</span> 
     </span>
     <span class='ocr_line' id='line_1_5' title="bbox 270 661 1222 747; baseline 0.001 -23"><span class='ocrx_word' id='word_1_28' title='bbox 270 661 331 725; x_wconf 89' lang='lat' dir='ltr'>lari</span> <span class='ocrx_word' id='word_1_29' title='bbox 354 683 462 726; x_wconf 90' lang='lat' dir='ltr'>amore</span> <span class='ocrx_word' id='word_1_30' title='bbox 484 673 522 726; x_wconf 80' lang='lat' dir='ltr'>a&#39;c</span> <span class='ocrx_word' id='word_1_31' title='bbox 543 661 777 745; x_wconf 81' lang='lat' dir='ltr'>benevolentia,</span> <span class='ocrx_word' id='word_1_32' title='bbox 799 683 1018 746; x_wconf 88' lang='lat' dir='ltr'>quaecumque</span> <span class='ocrx_word' id='word_1_33' title='bbox 1032 663 1152 747; x_wconf 88' lang='lat' dir='ltr'>scribo,</span> <span class='ocrx_word' id='word_1_34' title='bbox 1172 663 1222 726; x_wconf 89' lang='lat' dir='ltr'>tibi</span> 
     </span>
     <span class='ocr_line' id='line_1_6' title="bbox 271 747 1221 835; baseline 0.002 -23"><span class='ocrx_word' id='word_1_35' title='bbox 271 749 423 833; x_wconf 86' lang='lat' dir='ltr'>scribere,</span> <span class='ocrx_word' id='word_1_36' title='bbox 455 750 542 835; x_wconf 90' lang='lat' dir='ltr'>quod</span> <span class='ocrx_word' id='word_1_37' title='bbox 570 753 604 814; x_wconf 88' lang='lat' dir='ltr'>te</span> <span class='ocrx_word' id='word_1_38' title='bbox 626 787 668 796; x_wconf 96' lang='lat'><em>-</em></span> <span class='ocrx_word' id='word_1_39' title='bbox 691 751 739 814; x_wconf 92' lang='lat' dir='ltr'>ita</span> <span class='ocrx_word' id='word_1_40' title='bbox 760 750 914 815; x_wconf 89' lang='lat' dir='ltr'>incolumi</span> <span class='ocrx_word' id='word_1_41' title='bbox 936 747 1075 816; x_wconf 77' lang='lat' dir='ltr'>Caesare</span> <span class='ocrx_word' id='word_1_42' title='bbox 1102 752 1221 816; x_wconf 84' lang='lat' dir='ltr'>moriar!</span> 
     </span>
     <span class='ocr_line' id='line_1_7' title="bbox 270 838 1221 924; baseline 0 -22"><span class='ocrx_word' id='word_1_43' title='bbox 270 873 313 884; x_wconf 91' lang='grc'>-</span> <span class='ocrx_word' id='word_1_44' title='bbox 336 838 421 902; x_wconf 89' lang='lat' dir='ltr'>tanti</span> <span class='ocrx_word' id='word_1_45' title='bbox 443 838 542 921; x_wconf 86' lang='lat' dir='ltr'>facio,</span> <span class='ocrx_word' id='word_1_46' title='bbox 569 842 606 904; x_wconf 88' lang='lat' dir='ltr'>ut</span> <span class='ocrx_word' id='word_1_47' title='bbox 622 859 743 924; x_wconf 82' lang='lat' dir='ltr'>paucos</span> <span class='ocrx_word' id='word_1_48' title='bbox 757 859 857 923; x_wconf 87' lang='lat' dir='ltr'>aeque</span> <span class='ocrx_word' id='word_1_49' title='bbox 872 860 910 904; x_wconf 89' lang='lat' dir='ltr'>ao</span> <span class='ocrx_word' id='word_1_50' title='bbox 922 842 955 904; x_wconf 85' lang='lat' dir='ltr'>te</span> <span class='ocrx_word' id='word_1_51' title='bbox 969 860 1061 906; x_wconf 83' lang='lat' dir='ltr'>caros</span> <span class='ocrx_word' id='word_1_52' title='bbox 1085 839 1221 905; x_wconf 79' lang='lat' dir='ltr'>habeam.</span> 
     </span>
     <span class='ocr_line' id='line_1_8' title="bbox 270 925 1221 1011; baseline 0.002 -21"><span class='ocrx_word' id='word_1_53' title='bbox 270 925 319 990; x_wconf 93' lang='lat' dir='ltr'>De</span> <span class='ocrx_word' id='word_1_54' title='bbox 346 927 408 990; x_wconf 87' lang='lat' dir='ltr'>hac</span> <span class='ocrx_word' id='word_1_55' title='bbox 434 947 469 991; x_wconf 91' lang='lat' dir='ltr'>re</span> <span class='ocrx_word' id='word_1_56' title='bbox 492 947 592 1011; x_wconf 88' lang='lat' dir='ltr'>quum</span> <span class='ocrx_word' id='word_1_57' title='bbox 623 926 745 1010; x_wconf 88' lang='lat' dir='ltr'>aliquid</span> <span class='ocrx_word' id='word_1_58' title='bbox 775 927 994 1010; x_wconf 77' lang='lat' dir='ltr'>constitueris,</span> <span class='ocrx_word' id='word_1_59' title='bbox 1026 928 1128 993; x_wconf 83' lang='lat' dir='ltr'>velim</span> <span class='ocrx_word' id='word_1_60' title='bbox 1155 927 1221 992; x_wconf 88' lang='lat' dir='ltr'>mihi</span> 
     </span>
     <span class='ocr_line' id='line_1_9' title="bbox 272 1014 1221 1102; baseline 0 -24"><span class='ocrx_word' id='word_1_61' title='bbox 272 1014 406 1098; x_wconf 83' lang='lat' dir='ltr'>scribas3</span> <span class='ocrx_word' id='word_1_62' title='bbox 428 1035 506 1080; x_wconf 90' lang='lat' dir='ltr'>nam</span> <span class='ocrx_word' id='word_1_63' title='bbox 527 1036 596 1081; x_wconf 91' lang='lat' dir='ltr'>mon</span> <span class='ocrx_word' id='word_1_64' title='bbox 617 1015 820 1080; x_wconf 75' lang='lat' dir='ltr'>mediocriter</span> <span class='ocrx_word' id='word_1_65' title='bbox 842 1015 964 1098; x_wconf 85' lang='lat' dir='ltr'>laboro,</span> <span class='ocrx_word' id='word_1_66' title='bbox 985 1021 1022 1080; x_wconf 80' lang='lat' dir='ltr'>ut</span> <span class='ocrx_word' id='word_1_67' title='bbox 1033 1017 1173 1102; x_wconf 89' lang='lat' dir='ltr'>utrique,</span> <span class='ocrx_word' id='word_1_68' title='bbox 1192 1019 1221 1080; x_wconf 85' lang='lat' dir='ltr'>ut</span> 
     </span>
     <span class='ocr_line' id='line_1_10' title="bbox 271 1102 1220 1189; baseline 0.002 -23"><span class='ocrx_word' id='word_1_69' title='bbox 271 1102 330 1187; x_wconf 81' lang='lat' dir='ltr'>vie,</span> <span class='ocrx_word' id='word_1_70' title='bbox 351 1106 442 1167; x_wconf 87' lang='lat' dir='ltr'>tuam</span> <span class='ocrx_word' id='word_1_71' title='bbox 463 1102 722 1169; x_wconf 78' lang='lat' dir='ltr'>benevolentiam</span> <span class='ocrx_word' id='word_1_72' title='bbox 740 1106 904 1188; x_wconf 85' lang='lat' dir='ltr'>praestare</span> <span class='ocrx_word' id='word_1_73' title='bbox 917 1103 1032 1188; x_wconf 82' lang='lat' dir='ltr'>poscis,</span> <span class='ocrx_word' id='word_1_74' title='bbox 1054 1126 1156 1189; x_wconf 86' lang='lat' dir='ltr'>quarn</span> <span class='ocrx_word' id='word_1_75' title='bbox 1168 1125 1220 1168; x_wconf 83' lang='lat' dir='ltr'>me</span> 
     </span>
     <span class='ocr_line' id='line_1_11' title="bbox 270 1191 1126 1276; baseline 0.007 -22"><span class='ocrx_word' id='word_1_76' title='bbox 270 1191 399 1256; x_wconf 83' lang='lat' dir='ltr'>hercule</span> <span class='ocrx_word' id='word_1_77' title='bbox 421 1193 454 1255; x_wconf 89' lang='lat' dir='ltr'>te</span> <span class='ocrx_word' id='word_1_78' title='bbox 477 1195 716 1276; x_wconf 83' lang='lat' dir='ltr'>praestaturum</span> <span class='ocrx_word' id='word_1_79' title='bbox 738 1191 871 1257; x_wconf 87' lang='lat' dir='ltr'>confido.</span> <span class='ocrx_word' id='word_1_80' title='bbox 916 1191 982 1257; x_wconf 82' lang='lat' dir='ltr'>Fac</span> <span class='ocrx_word' id='word_1_81' title='bbox 1004 1193 1126 1260; x_wconf 78' lang='lat' dir='ltr'>veleaa</span> 
     </span>
    </p>
   </div>
   <div class='ocr_carea' id='block_1_3' title="bbox 466 1418 1033 1596">
    <p class='ocr_par' dir='ltr' id='par_1_3' title="bbox 466 1418 1033 1596">
     <span class='ocr_line' id='line_1_12' title="bbox 735 1418 770 1486; baseline -0.057 0"><span class='ocrx_word' id='word_1_82' title='bbox 735 1418 770 1486; x_wconf 81' lang='grc' dir='ltr'>Ο.</span> 
     </span>
     <span class='ocr_line' id='line_1_13' title="bbox 466 1539 1033 1596; baseline 0 0"><span class='ocrx_word' id='word_1_83' title='bbox 466 1539 608 1596; x_wconf 71' lang='lat' dir='ltr'>crusna</span> <span class='ocrx_word' id='word_1_84' title='bbox 626 1539 731 1596; x_wconf 77' lang='lat' dir='ltr'>orric</span> <span class='ocrx_word' id='word_1_85' title='bbox 750 1540 935 1596; x_wconf 73' lang='lat' dir='ltr'>commemo</span> <span class='ocrx_word' id='word_1_86' title='bbox 958 1541 1033 1596; x_wconf 73' lang='lat' dir='ltr'>sar.</span> 
     </span>
    </p>
   </div>
   <div class='ocr_carea' id='block_1_4' title="bbox 151 1645 1217 3412">
    <p class='ocr_par' dir='ltr' id='par_1_4' title="bbox 151 1645 1217 3412">
     <span class='ocr_line' id='line_1_14' title="bbox 245 1645 1217 1736; baseline 0.003 -25"><span class='ocrx_word' id='word_1_87' title='bbox 245 1667 257 1704; x_wconf 81' lang='grc' dir='ltr'><strong>ι</strong></span> <span class='ocrx_word' id='word_1_88' title='bbox 339 1645 470 1713; x_wconf 81' lang='lat' dir='ltr'>Gaudeo</span> <span class='ocrx_word' id='word_1_89' title='bbox 493 1649 673 1714; x_wconf 84' lang='lat' dir='ltr'>mehercule</span> <span class='ocrx_word' id='word_1_90' title='bbox 696 1671 754 1715; x_wconf 86' lang='lat' dir='ltr'>vos</span> <span class='ocrx_word' id='word_1_91' title='bbox 777 1651 957 1736; x_wconf 81' lang='lat' dir='ltr'>significare</span> <span class='ocrx_word' id='word_1_92' title='bbox 980 1648 1112 1735; x_wconf 76' lang='lat' dir='ltr'>litteris,</span> <span class='ocrx_word' id='word_1_93' title='bbox 1131 1672 1217 1736; x_wconf 86' lang='lat' dir='ltr'>quam</span> 
     </span>
     <span class='ocr_line' id='line_1_15' title="bbox 242 1735 1216 1826; baseline 0.004 -29"><span class='ocrx_word' id='word_1_94' title='bbox 242 1738 244 1743; x_wconf 67' lang='grc'><strong>“</strong></span> <span class='ocrx_word' id='word_1_95' title='bbox 272 1735 364 1800; x_wconf 86' lang='lat' dir='ltr'>valde</span> <span class='ocrx_word' id='word_1_96' title='bbox 387 1737 530 1820; x_wconf 87' lang='lat' dir='ltr'>probetis</span> <span class='ocrx_word' id='word_1_97' title='bbox 553 1758 600 1821; x_wconf 85' lang='lat' dir='ltr'>ea,</span> <span class='ocrx_word' id='word_1_98' title='bbox 623 1759 705 1821; x_wconf 90' lang='lat' dir='ltr'>quae</span> <span class='ocrx_word' id='word_1_99' title='bbox 728 1739 814 1823; x_wconf 86' lang='lat' dir='ltr'>apud</span> <span class='ocrx_word' id='word_1_100' title='bbox 830 1736 1008 1804; x_wconf 81' lang='lat' dir='ltr'>Corfinium</span> <span class='ocrx_word' id='word_1_101' title='bbox 1029 1747 1108 1804; x_wconf 81' lang='lat' dir='ltr'>sunt</span> <span class='ocrx_word' id='word_1_102' title='bbox 1130 1743 1216 1826; x_wconf 82' lang='lat' dir='ltr'>gesta.</span> 
     </span>
     <span class='ocr_line' id='line_1_16' title="bbox 273 1821 1215 1912; baseline 0.005 -24"><span class='ocrx_word' id='word_1_103' title='bbox 273 1821 415 1889; x_wconf 82' lang='lat' dir='ltr'>Consilio</span> <span class='ocrx_word' id='word_1_104' title='bbox 429 1829 536 1890; x_wconf 84' lang='lat' dir='ltr'>vestro</span> <span class='ocrx_word' id='word_1_105' title='bbox 555 1827 629 1890; x_wconf 87' lang='lat' dir='ltr'>utar</span> <span class='ocrx_word' id='word_1_106' title='bbox 650 1826 796 1910; x_wconf 88' lang='lat' dir='ltr'>libenter,</span> <span class='ocrx_word' id='word_1_107' title='bbox 819 1830 852 1892; x_wconf 87' lang='lat' dir='ltr'>et</span> <span class='ocrx_word' id='word_1_108' title='bbox 873 1827 936 1892; x_wconf 92' lang='lat' dir='ltr'>hoc</span> <span class='ocrx_word' id='word_1_109' title='bbox 957 1827 1122 1912; x_wconf 81' lang='lat' dir='ltr'>libentius,</span> <span class='ocrx_word' id='word_1_110' title='bbox 1144 1827 1215 1912; x_wconf 88' lang='lat' dir='ltr'>quod</span> 
     </span>
     <span class='ocr_line' id='line_1_17' title="bbox 271 1913 1215 2001; baseline 0.001 -24"><span class='ocrx_word' id='word_1_111' title='bbox 271 1933 344 1978; x_wconf 86' lang='lat' dir='ltr'>mea</span> <span class='ocrx_word' id='word_1_112' title='bbox 357 1916 473 1997; x_wconf 86' lang='lat' dir='ltr'>sponte</span> <span class='ocrx_word' id='word_1_113' title='bbox 486 1913 592 1980; x_wconf 86' lang='lat' dir='ltr'>facere</span> <span class='ocrx_word' id='word_1_114' title='bbox 606 1914 845 2000; x_wconf 82' lang='lat' dir='ltr'>constituerem,</span> <span class='ocrx_word' id='word_1_115' title='bbox 866 1919 904 1980; x_wconf 89' lang='lat' dir='ltr'>ut</span> <span class='ocrx_word' id='word_1_116' title='bbox 919 1937 1016 2001; x_wconf 84' lang='lat' dir='ltr'>quam</span> <span class='ocrx_word' id='word_1_117' title='bbox 1030 1916 1215 1982; x_wconf 80' lang='lat' dir='ltr'>lenissimum</span> 
     </span>
     <span class='ocr_line' id='line_1_18' title="bbox 271 2001 1214 2088; baseline 0.003 -24"><span class='ocrx_word' id='word_1_118' title='bbox 271 2021 322 2064; x_wconf 90' lang='lat' dir='ltr'>me</span> <span class='ocrx_word' id='word_1_119' title='bbox 349 2001 536 2084; x_wconf 85' lang='lat' dir='ltr'>praeberem</span> <span class='ocrx_word' id='word_1_120' title='bbox 564 2004 598 2067; x_wconf 84' lang='lat' dir='ltr'>et</span> <span class='ocrx_word' id='word_1_121' title='bbox 618 2001 808 2087; x_wconf 90' lang='lat' dir='ltr'>Pompeium</span> <span class='ocrx_word' id='word_1_122' title='bbox 837 2004 946 2069; x_wconf 86' lang='lat' dir='ltr'>darem</span> <span class='ocrx_word' id='word_1_123' title='bbox 969 2025 1102 2088; x_wconf 89' lang='lat' dir='ltr'>operam</span> <span class='ocrx_word' id='word_1_124' title='bbox 1123 2007 1160 2068; x_wconf 92' lang='lat' dir='ltr'>ut</span> <span class='ocrx_word' id='word_1_125' title='bbox 1177 2024 1214 2067; x_wconf 88' lang='lat' dir='ltr'>re·</span> 
     </span>
     <span class='ocr_line' id='line_1_19' title="bbox 272 2089 1214 2177; baseline 0.001 -24"><span class='ocrx_word' id='word_1_126' title='bbox 272 2089 485 2155; x_wconf 87' lang='lat' dir='ltr'>conciliarem.</span> <span class='ocrx_word' id='word_1_127' title='bbox 539 2089 729 2175; x_wconf 81' lang='lat' dir='ltr'>Tentemus,</span> <span class='ocrx_word' id='word_1_128' title='bbox 764 2091 827 2157; x_wconf 91' lang='lat' dir='ltr'>hoc</span> <span class='ocrx_word' id='word_1_129' title='bbox 862 2091 958 2172; x_wconf 87' lang='lat' dir='ltr'>modo</span> <span class='ocrx_word' id='word_1_130' title='bbox 995 2093 1023 2156; x_wconf 85' lang='lat' dir='ltr'>si</span> <span class='ocrx_word' id='word_1_131' title='bbox 1058 2112 1214 2177; x_wconf 80' lang='lat' dir='ltr'>possumus</span> 
     </span>
     <span class='ocr_line' id='line_1_20' title="bbox 272 2178 1214 2264; baseline -0.001 -22"><span class='ocrx_word' id='word_1_132' title='bbox 272 2178 416 2243; x_wconf 89' lang='lat' dir='ltr'>omnium</span> <span class='ocrx_word' id='word_1_133' title='bbox 439 2178 624 2244; x_wconf 85' lang='lat' dir='ltr'>voluntates</span> <span class='ocrx_word' id='word_1_134' title='bbox 650 2199 838 2264; x_wconf 88' lang='lat' dir='ltr'>recuperare</span> <span class='ocrx_word' id='word_1_135' title='bbox 861 2183 894 2244; x_wconf 88' lang='lat' dir='ltr'>et</span> <span class='ocrx_word' id='word_1_136' title='bbox 921 2179 1074 2245; x_wconf 85' lang='lat' dir='ltr'>diuturna</span> <span class='ocrx_word' id='word_1_137' title='bbox 1096 2179 1214 2245; x_wconf 82' lang='lat' dir='ltr'>victoria</span> 
     </span>
     <span class='ocr_line' id='line_1_21' title="bbox 271 2265 1214 2354; baseline 0.001 -24"><span class='ocrx_word' id='word_1_138' title='bbox 271 2265 328 2349; x_wconf 89' lang='lat' dir='ltr'>uti,</span> <span class='ocrx_word' id='word_1_139' title='bbox 352 2266 505 2350; x_wconf 88' lang='lat' dir='ltr'>quoniam</span> <span class='ocrx_word' id='word_1_140' title='bbox 526 2266 642 2350; x_wconf 88' lang='lat' dir='ltr'>reliqui</span> <span class='ocrx_word' id='word_1_141' title='bbox 663 2266 851 2333; x_wconf 84' lang='lat' dir='ltr'>crudelitate</span> <span class='ocrx_word' id='word_1_142' title='bbox 865 2267 975 2333; x_wconf 91' lang='lat' dir='ltr'>odium</span> <span class='ocrx_word' id='word_1_143' title='bbox 998 2269 1138 2354; x_wconf 79' lang='lat' dir='ltr'>effugere</span> <span class='ocrx_word' id='word_1_144' title='bbox 1158 2289 1214 2332; x_wconf 88' lang='lat' dir='ltr'>non</span> 
     </span>
     <span class='ocr_line' id='line_1_22' title="bbox 271 2355 1214 2442; baseline 0 -25"><span class='ocrx_word' id='word_1_145' title='bbox 271 2357 448 2437; x_wconf 88' lang='lat' dir='ltr'>potuerunt</span> <span class='ocrx_word' id='word_1_146' title='bbox 478 2375 582 2439; x_wconf 88' lang='lat' dir='ltr'>neque</span> <span class='ocrx_word' id='word_1_147' title='bbox 613 2355 782 2421; x_wconf 82' lang='lat' dir='ltr'>victoriam</span> <span class='ocrx_word' id='word_1_148' title='bbox 813 2356 933 2421; x_wconf 88' lang='lat' dir='ltr'>diutius</span> <span class='ocrx_word' id='word_1_149' title='bbox 960 2359 1071 2422; x_wconf 87' lang='lat' dir='ltr'>temere</span> <span class='ocrx_word' id='word_1_150' title='bbox 1102 2360 1214 2442; x_wconf 84' lang='lat' dir='ltr'>praeter</span> 
     </span>
     <span class='ocr_line' id='line_1_23' title="bbox 271 2441 1213 2528; baseline 0.007 -24"><span class='ocrx_word' id='word_1_151' title='bbox 271 2462 372 2506; x_wconf 87' lang='lat' dir='ltr'>unum</span> <span class='ocrx_word' id='word_1_152' title='bbox 394 2442 431 2507; x_wconf 89' lang='lat' dir='ltr'>L.</span> <span class='ocrx_word' id='word_1_153' title='bbox 455 2441 587 2526; x_wconf 84' lang='lat' dir='ltr'>Sullam,</span> <span class='ocrx_word' id='word_1_154' title='bbox 608 2464 705 2528; x_wconf 88' lang='lat' dir='ltr'>quem</span> <span class='ocrx_word' id='word_1_155' title='bbox 726 2443 911 2508; x_wconf 82' lang='lat' dir='ltr'>imitaturus</span> <span class='ocrx_word' id='word_1_156' title='bbox 933 2465 1001 2510; x_wconf 91' lang='lat' dir='ltr'>nom</span> <span class='ocrx_word' id='word_1_157' title='bbox 1024 2467 1108 2510; x_wconf 78' lang='lat' dir='ltr'>sum.</span> <span class='ocrx_word' id='word_1_158' title='bbox 1139 2444 1213 2510; x_wconf 76' lang='lat' dir='ltr'>Haec</span> 
     </span>
     <span class='ocr_line' id='line_1_24' title="bbox 256 2529 1213 2614; baseline 0.002 -22"><span class='ocrx_word' id='word_1_159' title='bbox 256 2543 357 2593; x_wconf 80' lang='lat' dir='ltr'>¹nora</span> <span class='ocrx_word' id='word_1_160' title='bbox 380 2529 423 2594; x_wconf 83' lang='lat' dir='ltr'>sit</span> <span class='ocrx_word' id='word_1_161' title='bbox 444 2531 527 2597; x_wconf 86' lang='lat' dir='ltr'>ratio</span> <span class='ocrx_word' id='word_1_162' title='bbox 550 2530 715 2614; x_wconf 88' lang='lat' dir='ltr'>vincendi,</span> <span class='ocrx_word' id='word_1_163' title='bbox 738 2535 775 2596; x_wconf 87' lang='lat' dir='ltr'>ut</span> <span class='ocrx_word' id='word_1_164' title='bbox 796 2532 1014 2598; x_wconf 86' lang='lat' dir='ltr'>misericordia</span> <span class='ocrx_word' id='word_1_165' title='bbox 1037 2537 1071 2598; x_wconf 89' lang='lat' dir='ltr'>et</span> <span class='ocrx_word' id='word_1_166' title='bbox 1092 2532 1213 2598; x_wconf 85' lang='lat' dir='ltr'>liberali·</span> 
     </span>
     <span class='ocr_line' id='line_1_25' title="bbox 271 2619 1213 2707; baseline 0.003 -29"><span class='ocrx_word' id='word_1_167' title='bbox 271 2619 338 2681; x_wconf 86' lang='lat' dir='ltr'>tate</span> <span class='ocrx_word' id='word_1_168' title='bbox 361 2639 422 2683; x_wconf 88' lang='lat' dir='ltr'>nos</span> <span class='ocrx_word' id='word_1_169' title='bbox 444 2619 641 2685; x_wconf 86' lang='lat' dir='ltr'>muniamus:</span> <span class='ocrx_word' id='word_1_170' title='bbox 668 2619 703 2684; x_wconf 91' lang='lat' dir='ltr'>id</span> <span class='ocrx_word' id='word_1_171' title='bbox 729 2620 998 2704; x_wconf 90' lang='lat' dir='ltr'>quemadmodum</span> <span class='ocrx_word' id='word_1_172' title='bbox 1020 2621 1092 2686; x_wconf 89' lang='lat' dir='ltr'>fieri</span> <span class='ocrx_word' id='word_1_173' title='bbox 1118 2621 1213 2707; x_wconf 81' lang='lat' dir='ltr'>possit,</span> 
     </span>
     <span class='ocr_line' id='line_1_26' title="bbox 271 2706 1213 2795; baseline 0.004 -27"><span class='ocrx_word' id='word_1_174' title='bbox 271 2706 429 2770; x_wconf 88' lang='lat' dir='ltr'>nonnulla</span> <span class='ocrx_word' id='word_1_175' title='bbox 451 2707 531 2771; x_wconf 90' lang='lat' dir='ltr'>mihi</span> <span class='ocrx_word' id='word_1_176' title='bbox 553 2707 589 2772; x_wconf 89' lang='lat' dir='ltr'>im</span> <span class='ocrx_word' id='word_1_177' title='bbox 605 2711 747 2772; x_wconf 89' lang='lat' dir='ltr'>mentem</span> <span class='ocrx_word' id='word_1_178' title='bbox 760 2709 896 2782; x_wconf 84' lang='lat' dir='ltr'>veniunt</span> <span class='ocrx_word' id='word_1_179' title='bbox 916 2712 951 2773; x_wconf 86' lang='lat' dir='ltr'>et</span> <span class='ocrx_word' id='word_1_180' title='bbox 971 2709 1076 2774; x_wconf 87' lang='lat' dir='ltr'>multa</span> <span class='ocrx_word' id='word_1_181' title='bbox 1098 2707 1213 2795; x_wconf 82' lang='lat' dir='ltr'>reperiri</span> 
     </span>
     <span class='ocr_line' id='line_1_27' title="bbox 271 2792 1211 2884; baseline 0 -26"><span class='ocrx_word' id='word_1_182' title='bbox 271 2797 417 2877; x_wconf 86' lang='lat' dir='ltr'>possunt.</span> <span class='ocrx_word' id='word_1_183' title='bbox 461 2792 511 2859; x_wconf 91' lang='lat' dir='ltr'>Dc</span> <span class='ocrx_word' id='word_1_184' title='bbox 537 2794 589 2860; x_wconf 89' lang='lat' dir='ltr'>his</span> <span class='ocrx_word' id='word_1_185' title='bbox 615 2795 712 2862; x_wconf 80' lang='lat' dir='ltr'>rebus</span> <span class='ocrx_word' id='word_1_186' title='bbox 738 2817 819 2882; x_wconf 81' lang='lat' dir='ltr'>rogo</span> <span class='ocrx_word' id='word_1_187' title='bbox 845 2819 903 2862; x_wconf 83' lang='lat' dir='ltr'>ros</span> <span class='ocrx_word' id='word_1_188' title='bbox 931 2801 969 2862; x_wconf 90' lang='lat' dir='ltr'>ut</span> <span class='ocrx_word' id='word_1_189' title='bbox 997 2798 1211 2884; x_wconf 83' lang='lat' dir='ltr'>cogitationem</span> 
     </span>
     <span class='ocr_line' id='line_1_28' title="bbox 243 2880 1211 2971; baseline 0.003 -27"><span class='ocrx_word' id='word_1_190' title='bbox 243 2880 463 2967; x_wconf 76' lang='lat' dir='ltr'>rsuscipiatis.</span> <span class='ocrx_word' id='word_1_191' title='bbox 507 2881 549 2948; x_wconf 87' lang='lat' dir='ltr'>N.</span> <span class='ocrx_word' id='word_1_192' title='bbox 571 2882 730 2970; x_wconf 80' lang='lat' dir='ltr'>Magium,</span> <span class='ocrx_word' id='word_1_193' title='bbox 761 2883 906 2968; x_wconf 91' lang='lat' dir='ltr'>Pompeii</span> <span class='ocrx_word' id='word_1_194' title='bbox 932 2885 1144 2971; x_wconf 87' lang='lat' dir='ltr'>praefectum,</span> <span class='ocrx_word' id='word_1_195' title='bbox 1170 2884 1211 2948; x_wconf 83' lang='lat' dir='ltr'>de</span> 
     </span>
     <span class='ocr_line' id='line_1_29' title="bbox 270 2969 1211 3055; baseline 0 -20"><span class='ocrx_word' id='word_1_196' title='bbox 270 2969 439 3055; x_wconf 89' lang='lat' dir='ltr'>prehendi:</span> <span class='ocrx_word' id='word_1_197' title='bbox 470 2971 592 3036; x_wconf 86' lang='lat' dir='ltr'>scilicet</span> <span class='ocrx_word' id='word_1_198' title='bbox 617 2994 688 3038; x_wconf 91' lang='lat' dir='ltr'>meo</span> <span class='ocrx_word' id='word_1_199' title='bbox 714 2972 865 3038; x_wconf 82' lang='lat' dir='ltr'>instituto</span> <span class='ocrx_word' id='word_1_200' title='bbox 891 2995 970 3038; x_wconf 83' lang='lat' dir='ltr'>usus</span> <span class='ocrx_word' id='word_1_201' title='bbox 998 2995 1070 3039; x_wconf 87' lang='lat' dir='ltr'>sum</span> <span class='ocrx_word' id='word_1_202' title='bbox 1098 2979 1211 3040; x_wconf 82' lang='lat' dir='ltr'>etcum</span> 
     </span>
     <span class='ocr_line' id='line_1_30' title="bbox 271 3058 1210 3144; baseline 0.002 -22"><span class='ocrx_word' id='word_1_203' title='bbox 271 3058 381 3124; x_wconf 81' lang='lat' dir='ltr'>atatim</span> <span class='ocrx_word' id='word_1_204' title='bbox 403 3059 538 3125; x_wconf 84' lang='lat' dir='ltr'>missum</span> <span class='ocrx_word' id='word_1_205' title='bbox 559 3060 630 3126; x_wconf 88' lang='lat' dir='ltr'>feci.</span> <span class='ocrx_word' id='word_1_206' title='bbox 656 3059 727 3125; x_wconf 90' lang='lat' dir='ltr'>Iam</span> <span class='ocrx_word' id='word_1_207' title='bbox 741 3060 804 3126; x_wconf 91' lang='lat' dir='ltr'>duo</span> <span class='ocrx_word' id='word_1_208' title='bbox 826 3062 981 3144; x_wconf 87' lang='lat' dir='ltr'>praefecti</span> <span class='ocrx_word' id='word_1_209' title='bbox 993 3061 1124 3128; x_wconf 85' lang='lat' dir='ltr'>fabrum</span> <span class='ocrx_word' id='word_1_210' title='bbox 1135 3062 1210 3127; x_wconf 89' lang='lat' dir='ltr'>Pom·</span> 
     </span>
     <span class='ocr_line' id='line_1_31' title="bbox 270 3146 1210 3233; baseline 0.004 -21"><span class='ocrx_word' id='word_1_211' title='bbox 270 3147 334 3231; x_wconf 90' lang='lat' dir='ltr'>peii</span> <span class='ocrx_word' id='word_1_212' title='bbox 360 3147 396 3212; x_wconf 94' lang='lat' dir='ltr'>in</span> <span class='ocrx_word' id='word_1_213' title='bbox 422 3169 528 3213; x_wconf 91' lang='lat' dir='ltr'>meam</span> <span class='ocrx_word' id='word_1_214' title='bbox 554 3151 749 3233; x_wconf 79' lang='lat' dir='ltr'>potestatem</span> <span class='ocrx_word' id='word_1_215' title='bbox 768 3153 933 3226; x_wconf 48' lang='lat' dir='ltr'>¹venerunt</span> <span class='ocrx_word' id='word_1_216' title='bbox 959 3153 993 3215; x_wconf 90' lang='lat' dir='ltr'>et</span> <span class='ocrx_word' id='word_1_217' title='bbox 1019 3171 1039 3214; x_wconf 89' lang='lat' dir='ltr'>a</span> <span class='ocrx_word' id='word_1_218' title='bbox 1061 3173 1113 3216; x_wconf 87' lang='lat' dir='ltr'>mc</span> <span class='ocrx_word' id='word_1_219' title='bbox 1138 3146 1210 3216; x_wconf 79' lang='lat' dir='ltr'>mici</span> 
     </span>
     <span class='ocr_line' id='line_1_32' title="bbox 151 3235 1209 3322; baseline 0 -23"><span class='ocrx_word' id='word_1_220' title='bbox 151 3299 156 3308; x_wconf 84' lang='grc'>,</span> <span class='ocrx_word' id='word_1_221' title='bbox 271 3239 360 3300; x_wconf 86' lang='lat' dir='ltr'>sunt:</span> <span class='ocrx_word' id='word_1_222' title='bbox 384 3236 411 3300; x_wconf 86' lang='lat' dir='ltr'>si</span> <span class='ocrx_word' id='word_1_223' title='bbox 434 3237 545 3301; x_wconf 87' lang='lat' dir='ltr'>volent</span> <span class='ocrx_word' id='word_1_224' title='bbox 567 3235 652 3321; x_wconf 80' lang='lat' dir='ltr'>grati</span> <span class='ocrx_word' id='word_1_225' title='bbox 666 3257 745 3321; x_wconf 83' lang='lat' dir='ltr'>esse,</span> <span class='ocrx_word' id='word_1_226' title='bbox 767 3237 931 3302; x_wconf 88' lang='lat' dir='ltr'>debebunt</span> <span class='ocrx_word' id='word_1_227' title='bbox 943 3237 1131 3322; x_wconf 87' lang='lat' dir='ltr'>Pompeium</span> <span class='ocrx_word' id='word_1_228' title='bbox 1153 3239 1209 3302; x_wconf 91' lang='lat' dir='ltr'>hor·</span> 
     </span>
     <span class='ocr_line' id='line_1_33' title="bbox 270 3323 1209 3412; baseline 0.001 -24"><span class='ocrx_word' id='word_1_229' title='bbox 270 3323 348 3408; x_wconf 84' lang='lat' dir='ltr'>tari,</span> <span class='ocrx_word' id='word_1_230' title='bbox 378 3327 416 3387; x_wconf 88' lang='lat' dir='ltr'>ut</span> <span class='ocrx_word' id='word_1_231' title='bbox 442 3323 535 3389; x_wconf 86' lang='lat' dir='ltr'>malit</span> <span class='ocrx_word' id='word_1_232' title='bbox 561 3323 641 3389; x_wconf 91' lang='lat' dir='ltr'>mihi</span> <span class='ocrx_word' id='word_1_233' title='bbox 668 3345 737 3390; x_wconf 84' lang='lat' dir='ltr'>esse</span> <span class='ocrx_word' id='word_1_234' title='bbox 765 3325 886 3390; x_wconf 81' lang='lat' dir='ltr'>amicus</span> <span class='ocrx_word' id='word_1_235' title='bbox 909 3347 1006 3411; x_wconf 88' lang='lat' dir='ltr'>quam</span> <span class='ocrx_word' id='word_1_236' title='bbox 1032 3327 1086 3412; x_wconf 83' lang='lat' dir='ltr'>iis,</span> <span class='ocrx_word' id='word_1_237' title='bbox 1118 3325 1209 3412; x_wconf 83' lang='lat' dir='ltr'>quiet</span> 
     </span>
    </p>
   </div>
   <div class='ocr_carea' id='block_1_5' title="bbox 271 3513 1206 3659">
    <p class='ocr_par' dir='ltr' id='par_1_5' title="bbox 271 3513 1206 3659">
     <span class='ocr_line' id='line_1_34' title="bbox 292 3513 1206 3586; baseline 0.001 -19"><span class='ocrx_word' id='word_1_238' title='bbox 292 3517 295 3525; x_wconf 91' lang='lat'>&#39;</span> <span class='ocrx_word' id='word_1_239' title='bbox 341 3513 393 3582; x_wconf 83' lang='lat' dir='ltr'>Ep.</span> <span class='ocrx_word' id='word_1_240' title='bbox 413 3513 451 3582; x_wconf 82' lang='lat' dir='ltr'>O,</span> <span class='ocrx_word' id='word_1_241' title='bbox 471 3522 496 3569; x_wconf 91' lang='lat'>1.</span> <span class='ocrx_word' id='word_1_242' title='bbox 527 3516 553 3570; x_wconf 79' lang='lat' dir='ltr'>ri</span> <span class='ocrx_word' id='word_1_243' title='bbox 566 3531 712 3583; x_wconf 73' lang='lat' dir='ltr'>poseamus</span> <span class='ocrx_word' id='word_1_244' title='bbox 734 3516 839 3586; x_wconf 73' lang='lat' dir='ltr'>(mun,</span> <span class='ocrx_word' id='word_1_245' title='bbox 867 3517 909 3572; x_wconf 90' lang='lat' dir='ltr'>cd.</span> <span class='ocrx_word' id='word_1_246' title='bbox 928 3517 1096 3575; x_wconf 79' lang='lat' dir='ltr'>Petrarchae</span> <span class='ocrx_word' id='word_1_247' title='bbox 1112 3519 1139 3574; x_wconf 89' lang='lat' dir='ltr'>in</span> <span class='ocrx_word' id='word_1_248' title='bbox 1155 3515 1206 3571; x_wconf 83' lang='lat' dir='ltr'>Vita</span> 
     </span>
     <span class='ocr_line' id='line_1_35' title="bbox 271 3582 983 3659; baseline 0.01 -23"><span class='ocrx_word' id='word_1_249' title='bbox 271 3582 417 3652; x_wconf 79' lang='lat' dir='ltr'>caesaris).</span> <span class='ocrx_word' id='word_1_250' title='bbox 436 3585 461 3638; x_wconf 76' lang='lat' dir='ltr'>ar·</span> <span class='ocrx_word' id='word_1_251' title='bbox 474 3587 612 3653; x_wconf 80' lang='lat' dir='ltr'>poscimus</span> <span class='ocrx_word' id='word_1_252' title='bbox 630 3586 667 3654; x_wconf 87' lang='grc'>(1.,</span> <span class='ocrx_word' id='word_1_253' title='bbox 686 3585 846 3657; x_wconf 85' lang='lat' dir='ltr'>Petraroha,</span> <span class='ocrx_word' id='word_1_254' title='bbox 864 3588 927 3659; x_wconf 77' lang='lat' dir='ltr'>B.)?</span> <span class='ocrx_word' id='word_1_255' title='bbox 980 3627 983 3632; x_wconf 89' lang='lat'>-</span> 
     </span>
    </p>
   </div>
   <div class='ocr_carea' id='block_1_6' title="bbox 0 0 1246 3974">
    <p class='ocr_par' dir='ltr' id='par_1_6' title="bbox 0 0 1246 3974">
     <span class='ocr_line' id='line_1_36' title="bbox 0 0 1246 3974; baseline 0 2"><span class='ocrx_word' id='word_1_256' title='bbox 0 0 1246 3974; x_wconf 95' lang='lat' dir='ltr'> </span> 
     </span>
    </p>
   </div>
  </div>
 </body>
</html>
