2484 3974
216 933 275 1020 M.
304 933 525 1022 ιιιιιιι
550 891 886 1020 oronuorus

130 1077 552 1151 EPISTOIoARUM
592 1077 667 1150 AD
702 1076 970 1151 ATTIOUM

337 1229 470 1300 LIBER
493 1229 761 1300 UNDEOIMUS.

539 1531 565 1598 1.

176 1653 232 1710 Sor.
251 1652 282 1710 iu
299 1651 385 1726 Epiro
404 1657 469 1710 ente
487 1671 529 1724 pr.
547 1653 620 1709 Non.
638 1653 719 1710 Febr.
739 1669 764 1709 e.
783 1672 810 1709 u.
828 1669 852 1710 o.
871 1657 931 1710 tot.

362 1757 493 1816 CICERO
511 1759 644 1816 ATTICO
663 1759 739 1816 SAL.

140 1867 302 1954 Aesepi'o
328 1872 361 1936 te
389 1869 554 1955 signatum
582 1869 739 1953 libellum,
771 1891 865 1954 quem
888 1867 1055 1938 Anterost

79 1957 236 2040 attulerat,
259 1979 298 2022 ex
321 1979 384 2042 quo
406 1957 489 2024 nihil
512 1957 592 2024 seire
614 1957 707 2042 potui
721 1958 759 2024 de
778 1958 899 2024 nostris
922 1957 1030 2024 domo·

80 2045 162 2112 etiois
184 2046 295 2112 rebus:
327 2045 367 2112 de
390 2045 507 2130 quibus
530 2045 733 2112 soerbissimo
756 2044 908 2128 afflictor,
936 2045 1031 2129 quod,

79 2134 132 2218 qui
156 2155 212 2199 ess
239 2133 451 2218 dispensavit,
482 2154 586 2218 neque
614 2133 706 2198 adest
735 2132 809 2198 istie
840 2154 944 2217 neque
975 2132 1031 2198 ubi

79 2225 233 2291 terimur
264 2222 308 2286 sit
332 2222 413 2305 seio,
441 2243 571 2290 omnem
598 2224 706 2286 eutem
733 2242 823 2306 spem
851 2221 956 2286 habeo
979 2242 1031 2286 ex-

80 2310 282 2378 istimationis
304 2311 565 2395 privatorumque
592 2330 699 2376 rorum
730 2309 766 2374 in
791 2312 850 2374 tuo
876 2329 954 2394 ergo
980 2329 1031 2374 me

81 2399 156 2466 milri
177 2398 436 2484 perspectissime
458 2399 692 2482 benevolentis,
714 2398 858 2483 quamsi
879 2397 931 2464 lr‘m
953 2400 1033 2464 tem·

81 2487 208 2571 poribus
230 2487 356 2554 miseris
378 2489 412 2552 et
432 2487 584 2554 extremis
606 2486 820 2571 praestiteris,
848 2485 928 2552 huso
950 2487 1032 2571 peri-

80 2576 158 2660 oule,
179 2595 261 2660 quos
280 2575 364 2642 milri
385 2575 569 2642 eommunia
590 2579 669 2641 sunt
684 2598 757 2641 oum
771 2575 894 2658 oetsms,
916 2574 1033 2641 fortius

81 2663 191 2746 ierem,
221 2663 318 2748 idque
340 2667 378 2730 ut
399 2663 514 2748 fsoios,
544 2668 577 2730 te
605 2663 750 2730 obtestor
772 2667 868 2748 utque
892 2664 1034 2730 obsecro,

81 2751 150 2838 Ego
171 2752 208 2818 ιιι
229 2752 415 2837 cistophoro
435 2753 471 2817 in
483 2751 565 2817 Asis
586 2751 690 2817 hobeo
713 2752 755 2816 ad
776 2752 961 2818 sestertium
983 2751 1060 2817 bisr

82 2841 233 2906 struicies
249 2840 346 2909 huius
359 2841 515 2925 peounise
528 2840 765 2925 permutatione
778 2840 875 2906 fidem
888 2842 1034 2906 nostrum

82 2863 171 2994 lenite
199 2929 347 3013 tuebere,
377 2951 476 3014 quem
504 2928 634 3014 quidem
665 2948 726 3014 ego
757 2928 822 2994 nisi
853 2927 1035 3012 expeditum

83 3018 256 3102 relinquere
278 3039 330 3084 me
352 3020 517 3102 putassem
530 3017 704 3084 eredens
677 3037 715 3100 er,
738 3016 790 3082 oui
811 3019 848 3080 tu
871 3015 934 3082 sois
956 3015 1034 3082 ism·

83 3105 202 3191 pridem
241 3106 372 3172 minime
407 3127 457 3172 ore
492 3105 633 3190 eredere,
675 3107 891 3171 commoratus
932 3124 1035 3169 essem

83 3195 252 3279 paullisper
274 3215 334 3261 neo
357 3194 549 3261 domesticos
562 3216 614 3260 res
634 3193 805 3278 impeditos
827 3191 1035 3276 reliquissem,

83 3283 124 3348 ob
145 3303 276 3367 eamque
299 3303 430 3348 eoussm
456 3283 557 3348 serius
580 3282 621 3347 sd
647 3285 681 3346 te
704 3280 822 3365 soribo,
850 3279 936 3365 quod
964 3301 1035 3346 sero

84 3370 235 3454 intellexi,
271 3371 349 3456 quid
379 3371 558 3436 timendum
590 3373 682 3435 esset.
659 3368 778 3436 tTe
810 3369 907 3434 etiam
939 3371 1035 3453 atque

84 3459 177 3524 etism
199 3479 269 3544 oro,
296 3461 334 3526 ut
356 3479 406 3524 me
428 3461 571 3526 totumt
556 3457 712 3526 tuendum
734 3457 1036 3543 suseipias,u,s1t

85 3547 107 3612 ii
128 3545 206 3613 salvi
227 3509 331 3632 erlmt,
354 3547 545 3632 quibuscum
567 3570 647 3633 sum,
669 3569 735 3614 uns
757 3567 830 3614 oum
851 3546 892 3612 iis
914 3543 1036 3633 possim
