2582 3980
376 771 379 779 ·
507 845 934 926 PSEUDOOICERONIS

262 986 575 1071 'EPISTOLA
611 987 698 1070 AD
736 987 1183 1074 OO'PAVIANUM.

490 1297 619 1354 CICERO
640 1297 851 1354 OOTAVIANO
872 1297 947 1354 SAL

215 1428 225 1469 r
308 1407 342 1472 Si
364 1430 421 1494 per
443 1412 516 1473 tuas
538 1409 683 1493 legiones
710 1407 791 1472 mihi
812 1407 881 1472 licit
867 1412 935 1472 tum
958 1409 1089 1492 fuisset,
1117 1431 1198 1494 quae

240 1497 365 1564 nomini
392 1519 463 1562 meo
491 1496 664 1582 populique
687 1495 826 1561 Romani
852 1497 959 1560 sunt
950 1496 1199 1582 rnimicissimae,

240 1587 349 1651 venire
370 1585 406 1650 in
429 1587 576 1650 senatum
591 1606 760 1670 coramque
774 1585 812 1648 de
831 1606 865 1648 re
879 1583 1011 1668 publicu
1025 1584 1198 1670 disputare,
1279 1649 1280 1660 ,

238 1674 396 1758 fecissem,
417 1695 521 1756 neque
541 1676 610 1737 tam
632 1673 769 1738 libenter
783 1695 879 1756 quam
893 1674 1084 1757 necessario,
1107 1675 1197 1738 nulla

240 1761 326 1828 enim
357 1760 511 1844 remedia,
547 1783 628 1844 quae
668 1761 852 1826 vulneribus
885 1761 1092 1845 adhibentur,
1129 1767 1196 1826 tam

239 1851 364 1916 faciunt
392 1849 550 1932 dolorem,
581 1871 678 1934 quam
705 1871 786 1934 quae
815 1852 890 1913 sunt
917 1850 1080 1914 salutaria.
1127 1849 1197 1934 Sed,

240 1939 393 2025 quoniam
416 1937 601 2004 cohortibus
632 1937 763 2002 annuatis
791 1938 1041 2022 circumsaeptus
1066 1944 1197 2003 senatus

239 2029 322 2094 nihil
345 2027 431 2092 aliud
454 2047 527 2091 vere
557 2031 665 2110 potest
688 2027 855 2091 decernere
879 2026 940 2091 nisi
963 2047 994 2091 sc
1016 2027 1131 2091 timere
1155 2064 1196 2074 -—
1278 2035 1279 2060 ³

239 2118 274 2182 in
297 2114 456 2199 Capitolio
480 2114 575 2200 signa
597 2117 686 2199 sunt,
717 2115 752 2178 in
779 2114 857 2178 urbe
884 2114 1002 2178 milites
1026 2119 1196 2202 vagantur,

239 2206 273 2270 iu
302 2202 422 2288 Campo
451 2207 555 2268 castra
586 2205 765 2287 ponuntur,
795 2201 890 2266 ltalia
916 2205 987 2268 tota
1013 2203 1196 2288 legionibus

228 2293 280 2378 ¹ud
312 2292 493 2357 libertatem
524 2295 670 2357 nostram
706 2290 894 2374 conscriptis
931 2291 972 2354 ad
1009 2292 1197 2356 servitutem

239 2380 385 2446 adductis
408 2381 614 2464 equitatuque
630 2382 812 2443 exterarum
831 2379 1000 2443 nationum
1025 2379 1197 2444 distinetur
1277 2425 1278 2428 κ

239 2505 292 2552 -,
314 2469 424 2534 cedam
447 2467 508 2532 tibi
529 2468 565 2532 in
586 2467 769 2551 praesentia
791 2467 872 2549 foro,
896 2467 983 2531 curia
1006 2470 1039 2531 et
1062 2469 1197 2532 sanctis-

240 2557 328 2622 simis
351 2557 483 2622 deorum
506 2555 735 2621 immortalium
758 2555 896 2639 templis,
918 2554 953 2618 in
976 2555 1092 2639 quibus
1115 2557 1197 2621 revi-

238 2645 379 2709 viscente
402 2644 468 2707 iarn
490 2644 638 2710 libertate
662 2643 776 2708 deinde
792 2664 903 2708 rursus
926 2665 1081 2726 oppressa
1104 2666 1197 2710 sena-

238 2737 291 2798 tus
314 2731 396 2796 nihil
418 2729 604 2818 consulitur,
626 2731 720 2796 timet
741 2732 852 2816 multa,
874 2735 1059 2798 assentatur
1073 2734 1198 2816 omnia3

212 2821 432 2906 apostasiam
455 2820 564 2904 paullo
587 2819 784 2904 temporibus
807 2819 854 2884 itu
882 2819 1124 2903 postulantibus
1149 2844 1197 2886 ce-

239 2909 313 2974 dam
327 2910 415 2993 urbe,
439 2930 534 2993 quam
549 2930 607 2993 per
621 2930 672 2972 me
686 2911 916 2991 conservatam,
938 2912 975 2972 ut
989 2911 1072 2972 esset
1085 2909 1197 2994 libera,

238 2998 273 3061 in
296 2997 449 3062 servitute
477 2996 583 3062 videre
610 2999 831 3081 non1poter03
862 2996 973 3061 cedam
1000 2995 1081 3081 vita,
1112 3020 1197 3082 quae

240 3106 433 3170 quamquam
456 3084 593 3150 sollicita
616 3087 814 3168 esttamen,
837 3085 864 3150 si
886 3084 1056 3169 profutura
1077 3089 1127 3150 est
1149 3087 1197 3150 rei
1275 3133 1276 3138 η

239 3173 398 3258 publicae,
428 3173 515 3238 bona
538 3194 594 3258 spe
616 3173 814 3258 posteritatis
837 3195 887 3236 me
911 3173 1108 3259 consolatur,
1132 3197 1197 3258 qua

310 3330 361 3399 Ep.
372 3330 408 3383 ad
418 3328 612 3397 Octavianum,
629 3336 651 3384 1.
666 3329 816 3398 populique
824 3327 945 3384 Romani
959 3329 1010 3396 (R,
1025 3329 1129 3398 vulgo).
1145 3347 1197 3398 po·

236 3400 355 3468 preloque
368 3399 494 3453 Romano
510 3399 594 3452 ΜΙΒ.
613 3429 648 3439 -
667 3399 739 3464 adh,
756 3415 813 3452 non
825 3400 934 3465 fuciunt
948 3400 984 3465 d,
1002 3401 1125 3468 quarum
1139 3402 1197 3454 sint

241 3469 292 3532 (cd.
313 3469 464 3538 Turnebi)?
489 3499 521 3508 -
548 3469 627 3522 uliud
645 3469 725 3522 libere
739 3473 827 3536 potest
846 3470 929 3539 (W,)?
952 3500 986 3510 —
1005 3475 1154 3538 ponuntur
1172 3477 1196 3526 cl

241 3538 267 3590 Ι.
288 3537 411 3605 (MRI.)?
431 3568 463 3577 -
483 3539 528 3593 lab.
548 3539 645 3593 deiude
664 3539 738 3607 (W.).
762 3539 790 3605 t,
808 3541 835 3594 d.
853 3539 946 3611 vulgo.
