2574 3966
244 250 310 316 448
531 249 568 305 Μ.
587 247 712 304 TULLII
729 245 920 304 CICERONIS

244 415 375 462 causam
406 395 523 460 missus
555 398 652 459 essetz
684 413 772 459 nuno
802 391 944 477 quidem,
974 393 1040 457 nisi
1065 392 1146 478 quid
1176 395 1208 457 te

243 485 358 568 tenuit,
386 484 533 568 suspicor
555 485 588 548 te
611 503 680 547 esse
703 483 738 546 in
761 481 957 546 suburbano.
1002 481 1050 545 At
1070 501 1132 567 ego
1156 481 1207 545 hic

244 572 414 638 scribendo
437 572 505 636 dies
528 575 616 638 totos
630 571 713 636 nihil
727 570 874 655 equidem
896 571 995 654 levor,
1018 569 1074 634 sed
1098 573 1207 636 tamen

217 661 368 727 rahcrro.
413 659 548 725 Asinius
574 659 678 725 Pollio
711 659 751 724 ad
778 679 830 724 mc
858 658 987 744 summit
1014 657 1054 723 da
1080 658 1206 742 impuro

244 753 358 815 nostro
390 753 543 834 cognato:
580 748 667 833 quod
697 746 820 812 Balbus
855 747 962 812 minor
992 767 1097 832 nuper
1129 747 1206 811 satis

245 839 355 923 plane,
380 837 552 904 Dolabella
574 837 724 921 obscure,
745 835 798 900 hie
821 835 1032 921 apertissime.
1076 833 1207 900 Ferrem

244 927 395 1013 grauter,
414 927 442 991 si
455 946 558 990 norae
572 925 789 1009 aegrimoniae
802 925 893 990 locus
907 927 1006 1008 esset3
1028 923 1084 988 sed
1097 926 1206 988 tamen

245 1014 359 1100 ecquid
381 1014 562 1099 impurius?
583 1013 783 1078 ohominern
797 1013 987 1078 carendum!
1012 1033 1206 1096 quamquam

245 1103 326 1170 mihi
340 1103 469 1188 quidem
483 1126 539 1186 -3
563 1101 618 1167 aad
641 1101 801 1167 tenendus
824 1101 916 1166 dolor
937 1104 996 1166 est.
1024 1100 1084 1185 Tu,
1107 1121 1205 1184 quon-

245 1193 311 1256 iam
333 1213 463 1256 necesse
485 1191 568 1256 nihil
586 1194 644 1276 est,
667 1191 712 1255 sic
729 1189 850 1255 scribes
869 1187 999 1274 aliquid,
1022 1189 1201 1254 sivacahis.

220 1279 341 1358 eQuod
363 1284 458 1365 putas
482 1283 629 1364 oportere
652 1279 810 1363 pervideri
823 1277 889 1343 iam
902 1278 1003 1343 animi
1025 1277 1089 1344 mei
1110 1277 1201 1342 firmi·

245 1371 347 1454 tatem
369 1369 561 1454 graviusque
584 1367 741 1452 quosdam
753 1367 866 1432 serebia
888 1367 927 1432 de
941 1387 995 1431 me
1006 1366 1097 1451 loqui
1111 1387 1198 1450 quam

246 1460 303 1522 aut
325 1460 358 1521 ta
380 1457 518 1522 seribere
534 1460 591 1521 aut
603 1455 750 1540 Brutum,
773 1456 810 1540 si,
832 1454 888 1540 qui
908 1455 1115 1520 meir-actum
1138 1475 1200 1519 esse

247 1545 354 1610 animo
374 1550 407 1609 et
425 1544 627 1610 debilitatum
649 1546 776 1629 putant,
797 1544 911 1628 sciant,
933 1543 1010 1628 quid
1026 1543 1202 1608 litterarum

246 1636 280 1697 et
302 1633 392 1698 euius
415 1633 542 1719 generis
561 1632 739 1716 conficiam,
761 1632 866 1716 oredo,
888 1633 916 1697 si
938 1631 1035 1698 modo
1059 1631 1202 1697 homines

247 1725 332 1804 sunt,
355 1721 539 1785 existiment
551 1743 612 1805 me,
634 1722 700 1786 sive
713 1721 760 1784 ita
780 1721 904 1785 levatus
919 1721 990 1804 sim,
1010 1723 1048 1785 ut
1062 1721 1202 1799 animum

246 1829 384 1874 vacuum
407 1809 447 1874 ad
469 1830 520 1874 res
542 1809 690 1874 difficiles
718 1809 902 1874 scribendas
925 1809 1071 1892 afferam,
1102 1827 1202 1892 repre·

245 1897 453 1962 hendendum
484 1919 552 1962 non
584 1919 667 1982 esse,
705 1897 771 1963 sire
802 1897 888 1962 hano
920 1897 1158 1962 aberrationem
1187 1917 1203 1960 a

247 1987 357 2052 dolore
371 1986 557 2072 delegerim,
579 2007 661 2070 quae
674 1986 696 2066 †
709 1986 847 2051 maxime
858 1985 1087 2050 liberalissima
1099 1985 1204 2050 docto

219 2075 1204 2248 1lll‚l;¹ll⁶0llllllr0llrf¹,lullum

248 2251 362 2317 adme
387 2251 599 2336 allevandum,
620 2255 657 2316 tu
681 2251 771 2316 effice
793 2251 836 2336 id,
859 2251 946 2335 quod
967 2251 1060 2316 video
1084 2253 1118 2315 te
1141 2271 1204 2315 non

247 2340 354 2405 minus
377 2363 474 2424 quam
496 2361 548 2404 me
570 2339 731 2404 laborare:
763 2339 826 2405 hoo
855 2339 936 2405 mihi
958 2339 1074 2404 debere
1096 2339 1205 2404 videor

247 2449 351 2511 neque
373 2429 474 2494 levari
495 2449 599 2513 posse,
620 2428 684 2492 nisi
702 2428 827 2494 solvero
841 2432 898 2494 aut
911 2428 1020 2494 videro
1039 2449 1091 2493 me
1113 2448 1204 2512 posse

248 2516 381 2599 solvere,
402 2516 435 2581 id
459 2521 508 2582 est
530 2517 645 2601 locum,
668 2517 795 2601 qualem
817 2521 895 2602 opto,
916 2517 1080 2583 invenero.
1106 2515 1203 2582 Here·

247 2602 304 2668 des
318 2600 475 2687 Scapulae
499 2604 526 2669 si
544 2605 624 2670 istos
637 2604 765 2692 hortos,
786 2607 824 2671 ut
837 2603 950 2670 scribis
970 2604 1031 2669 tibi
1045 2603 1203 2671 Othonem

248 2690 374 2774 dixisse,
396 2692 541 2775 partibus
555 2695 709 2777 quattuor
730 2693 826 2758 factis
843 2693 934 2759 liceri
947 2693 1104 2780 cogitant,
1125 2693 1203 2758 nihil

248 2782 297 2846 est
328 2779 449 2845 scilicet
481 2781 618 2864 emptori
644 2781 720 2865 looi3
752 2781 804 2847 sin
822 2781 1003 2866 rvenibunt,
1034 2781 1112 2866 quid
1138 2781 1203 2846 fieri

247 2868 363 2954 possit,
384 2868 572 2934 ridebimus.
615 2867 703 2935 Nam
724 2870 778 2936 ille
800 2871 890 2936 locus
912 2869 1130 2955 Publicianus,
1153 2869 1203 2954 qui

247 2961 297 3024 est
310 2956 465 3024 Trebonii
487 2960 520 3022 et
533 2954 666 3043 Oueinii,
687 2962 758 3023 erat
779 2958 820 3024 ad
842 2979 894 3024 me
917 2959 1044 3044 allatus,
1066 2959 1124 3025 sed
1147 2958 1203 3023 seis

247 3067 356 3112 aream
370 3067 452 3113 esse:
475 3047 565 3112 nullo
579 3049 674 3130 pacto
692 3046 805 3132 probo.
832 3044 964 3113 Clodiae
978 3069 1056 3113 sane
1069 3047 1203 3133 placent,

317 3237 369 3308 Ep.
389 3245 432 3308 88,
452 3246 475 3295 1.
507 3243 586 3295 esset:
603 3255 679 3294 auae
697 3238 772 3308 (W.).
791 3241 830 3295 a!
851 3257 879 3295 a.
900 3239 956 3308 Or..
975 3240 1005 3295 Β.
1043 3246 1069 3295 3.
1087 3240 1203 3295 boniaco

245 3313 311 3362 sunt
329 3309 405 3378 (W.).
423 3310 450 3364 b.
468 3309 525 3364 siat
542 3310 637 3380 vulgo.
656 3340 691 3350 —
709 3310 1002 3381 del.,quaa†maaime
1015 3311 1204 3366 zauaaaama

248 3377 321 3444 (W.).
349 3379 376 3431 d.
394 3395 439 3444 m.,
456 3397 481 3449 q.
500 3385 538 3434 est
556 3382 572 3435 l.
594 3379 622 3447 (l.
642 3379 723 3449 coni,
746 3380 787 3450 B.)
811 3381 862 3435 aut
879 3383 916 3449 d,
934 3399 958 3451 q.
976 3398 1011 3436 m.
1031 3383 1153 3450 Isbardia
1169 3385 1204 3436 ert

248 3447 314 3514 (W.)
341 3448 388 3501 vel
409 3449 446 3514 ct,
472 3467 497 3517 q.
519 3467 554 3503 m.
582 3451 704 3505 liberalia
730 3451 767 3506 at
793 3451 895 3520 (Ursin.
918 3453 948 3507 et
970 3451 1015 3506 W.
1043 3455 1073 3508 et
1094 3453 1202 3520 maa).

247 3520 272 3566 4.
290 3517 504 3599 facereqpossam
514 3519 589 3588 (Ν).
608 3521 743 3590 Μοεείνη
760 3521 855 3592 vulgo.
873 3553 906 3562 —
921 3540 945 3593 q.
961 3527 1033 3592 opto,
1047 3524 1066 3578 i.
1085 3523 1202 3592 (mota).

247 3598 271 3650 q.
289 3585 358 3650 volo,
374 3603 394 3639 e.
414 3587 455 3654 (1,
473 3589 586 3658 vidgo)?
604 3606 629 3660 q.
647 3591 666 3644 ι’.
685 3591 752 3646 MR.
