2484 3974
187 263 451 322 nrls'rotsaon
469 263 519 320 ΔΙ)
536 263 701 321 nrrlcon
718 265 765 322 XL
784 271 862 324 3—5.
948 265 1014 332 385

53 431 124 474 una
135 431 204 475 cum
218 433 267 494 eo,
291 411 345 494 qui
361 409 528 495 negotium
543 409 628 496 gerit
641 413 752 496 estque
766 411 801 475 in
815 433 1013 500 spemagna.

51 498 174 563 Brutus
196 499 319 564 amicus
333 497 351 538 *
365 499 401 562 in
414 519 511 564 causa
525 501 672 563 versatur
695 499 819 566 acriter.
847 499 1014 566 Hactenus

52 585 122 651 fuit
140 587 224 671 quod
247 590 341 651 caute
356 607 440 651 arne
464 587 560 652 scribi
582 591 701 671 posset.
716 627 720 636 ·
737 587 828 653 Vale.
854 589 914 654 *De
936 611 1014 675 pen·

52 675 146 740 sione
159 677 269 760 altera,
284 697 340 740 oro
355 679 398 760 te,
419 675 509 742 omni
523 697 600 741 cura
614 676 790 760 considera,
804 677 880 761 quid
894 677 1013 744 facien·

53 764 132 828 dum
154 765 203 848 sit,
226 767 264 828 ut
288 764 402 848 scripsi
423 764 463 829 iis
485 765 612 848 litteris,
635 784 715 848 quas
738 764 850 830 Pollex
871 767 955 833 tulit.

514 955 556 1025 V.

136 1077 191 1134 Ser.
210 1078 352 1134 Brundisii
370 1097 412 1151 pr.
431 1079 527 1135 Nonas
546 1079 719 1136 Novembres
739 1096 764 1136 a.
783 1097 809 1136 ιι
829 1097 852 1136 c.
873 1087 932 1144 ’1,06.

342 1184 471 1240 CICERO
496 1184 630 1240 ATTICO
650 1186 725 1241 SAL.

123 1291 209 1369 Quae
232 1315 284 1368 me
300 1315 415 1358 causae
438 1295 608 1378 moverint,
632 1317 729 1379 quam
752 1296 895 1382 acerbae,
917 1311 1039 1380 quam¹

53 1402 182 1466 graves,
213 1404 310 1467 quam
341 1404 459 1466 novae,
496 1383 723 1468 coegerintque
755 1383 878 1468 impetu
909 1385 1013 1470 magis

54 1470 195 1552 quodam
218 1471 318 1536 animi
345 1471 394 1534 uti
421 1493 518 1555 quam
545 1472 756 1557 cogitatione,
787 1494 855 1537 non
881 1495 1015 1558 possum

53 1559 96 1621 ad
119 1561 152 1622 te
174 1559 243 1625 sine
266 1559 406 1625 maximo
430 1560 540 1626 dolore
554 1559 707 1644 scribere3
729 1560 863 1626 fuerrmt
885 1562 1015 1648 quidem

52 1649 180 1732 tantae,
210 1651 248 1712 ut
276 1647 323 1733 id,
355 1648 442 1732 quod
468 1649 571 1734 vides,
601 1648 773 1715 effecerint.
817 1649 932 1734 Itaque
954 1672 1015 1716 nec

55 1735 134 1818 quid
161 1735 203 1799 ad
230 1739 262 1800 te
292 1736 430 1801 scribam
456 1737 496 1802 de
523 1737 603 1808 meis
630 1738 726 1803 rebus
753 1759 813 1804 nec
840 1739 917 1823 quid
940 1762 960 1805 a
981 1744 1015 1806 tc

54 1828 165 1907 petam
178 1824 316 1909 reperio:
339 1845 407 1888 rem
422 1828 455 1888 ct
469 1847 627 1890 summam
650 1827 774 1912 negotii
788 1827 884 1893 vides.
916 1827 1015 1913 Equi·

56 1912 130 1976 dem
152 1934 192 1977 ox
207 1914 272 1978 tuis
285 1913 401 1978 litteris
415 1913 568 2000 intellexi,
591 1918 624 1979 et
637 1915 686 1999 iis,
708 1936 789 1999 quas
803 1919 1016 1982 communiter

55 2022 130 2065 cum
153 2001 225 2066 aliis
248 2001 419 2086 scripsisti,
441 2006 475 2066 et
495 2003 549 2087 iis,
579 2023 660 2087 quas
682 2005 739 2067 tuo
763 2004 907 2088 nomine,
929 2006 1016 2089 quod

56 2090 154 2154 etiam
177 2110 250 2156 mea
271 2093 387 2174 sponte
410 2087 573 2174 videbam,
604 2093 637 2154 te
661 2090 769 2155 subita
790 2111 825 2155 re
848 2093 940 2175 quasi
962 2093 1015 2156 de-

56 2177 220 2243 bilitatum
242 2199 344 2244 novas
366 2179 508 2246 rationes
525 2178 639 2243 tuendi
652 2178 716 2242 mei
730 2199 892 2263 quaerere.
923 2179 1042 2256 Quod·

57 2266 171 2331 scribis
202 2268 341 2353 placere,
379 2271 417 2369 ut
452 2268 585 2352 propius
617 2266 767 2370 accedam
796 2268 920 2352 iterque
958 2291 1017 2356 per

56 2355 190 2508 salt
210 2355 477 2530 ribalta
505 2354 1016 2530 323..⁵lt.tl.⁰⁰at¹¹tttl.

58 2530 253 2617 deversoria,
283 2536 321 2598 ut
351 2536 422 2598 tota
448 2536 595 2618 tempora
621 2532 738 2599 diurna
763 2533 799 2598 in
825 2533 865 2598 iis
894 2536 1016 2618 possim

58 2639 257 2705 consumere,
279 2642 383 2706 neque
397 2620 494 2706 adid,
508 2622 594 2706 quod
608 2622 744 2707 quaeris,
767 2623 905 2688 multum
919 2624 1017 2690 inter·

58 2713 119 2794 est,
152 2712 263 2774 utrum
290 2731 340 2774 me
368 2710 516 2776 homines
543 2711 579 2774 in
606 2711 724 2794 oppido
752 2711 883 2776 videant
913 2735 956 2778 an
982 2713 1018 2777 in

58 2797 122 2882 via,
156 2797 213 2862 sed
236 2801 346 2863 tamen
368 2798 430 2863 hoc
453 2799 574 2883 ipsum,
600 2800 684 2864 sicut
706 2799 782 2883 alia,
809 2800 1017 2866 considerabo

60 2885 329 2970 quemadmodum
361 2886 617 2955 commodissime
645 2887 715 2951 fieri
741 2909 836 2972 posse
862 2889 1018 2954 videatur.

58 2971 129 3060 llgo
154 2978 288 3059 propter
309 2975 529 3040 incredibilem
547 2979 581 3040 et
594 2976 693 3040 animi
708 2979 740 3040 et
753 2976 897 3060 corporis
919 2977 1044 3041 mole-⁸

60 3063 155 3128 stiam
171 3063 327 3129 conficere
348 3064 457 3149 plures
475 3064 600 3129 litteras
614 3086 681 3129 non
703 3065 809 3148 potui;
830 3065 870 3128 iis
889 3067 1018 3130 tantum

59 3153 222 3237 rescripsi,
250 3153 408 3237 aquibus
438 3173 637 3237 acceperam:
668 3157 706 3217 tu
734 3153 831 3216 velim
853 3156 886 3217 et
907 3151 1018 3219 Basilo

62 3241 233 3325 atquibus
259 3245 425 3325 praeterea
453 3241 626 3326 videbitur,
655 3241 754 3305 etiam
781 3238 915 3307 Servilio
942 3261 1018 3307 con·

62 3330 192 3414 scribas,
214 3333 252 3394 ut
273 3330 334 3394 tibi
356 3330 525 3416 videbitur,
547 3352 618 3396 meo
641 3330 781 3394 nomine.
813 3328 907 3405 Quod
924 3333 1017 3397 tanto

130 3467 182 3539 Ep.
202 3474 227 3536 4,
246 3476 271 3525 2.
303 3473 408 3528 amicas
426 3474 441 3509 *
459 3472 491 3525 ia
509 3487 530 3525 c.
555 3469 658 3538 (MRI,
682 3469 745 3537 W..)
778 3486 803 3524 a.
823 3485 844 3524 c.
864 3469 959 3553 Wura,
991 3487 1017 3526 a

63 3551 144 3662 {aaa
151 3539 258 3666 (zlapi,
271 3543 348 3683 pppis?
368 3543 399 3598 ia
417 3558 438 3599 c.
458 3542 544 3611 (Wll
571 3559 597 3596 a.
616 3546 662 3608 eet,
679 3557 712 3595 m
729 3557 752 3596 c.
771 3538 858 3611 (Or.)l
886 3558 928 3608 a.;
946 3557 978 3596 m
995 3555 1018 3596 c.

116 3697 231 3744 ciceronis
245 3704 307 3753 epist
322 3703 354 3745 11.
823 3705 858 3758 25
