2510 3958
183 234 447 290 EPISTOLARUM
464 233 514 290 AI)
532 233 696 289 ATTIOUM
714 234 787 289 VIII.
810 240 852 290 12.
932 231 996 297 291

49 380 227 446 testimonio
242 383 319 445 sunt
335 379 472 464 litterae,
495 401 575 463 quas
588 377 764 444 Bussenius
783 377 824 444 ad
838 399 889 443 me
902 379 999 462 misit,

48 469 78 530 in
108 468 226 552 quibus
258 467 382 550 scribIt,
413 467 447 532 id
479 467 565 551 quod
595 468 636 532 ab
664 467 735 531 aliis
764 487 891 552 quoque
918 466 999 532 mihi

49 556 204 641 scribitur,
231 555 392 641 praesidia
418 553 605 639 Curionem,
638 575 719 639 quae
746 554 782 619 in
803 554 940 620 Umbria
966 558 1000 619 et

50 643 154 710 Tuscis
177 648 280 727 erant,
303 644 493 709 contrahere
506 648 540 709 et
553 644 594 708 ad
608 642 778 710 Caesarem
795 643 858 707 iter
878 643 999 727 facere,

50 753 122 814 quae
145 733 173 798 si
196 733 308 817 copiae
330 733 366 796 in
387 754 490 797 unum
510 733 619 798 locum
644 731 767 796 fuerint
789 734 932 816 coactae,
962 735 1000 796 ut

49 842 116 903 pars
138 822 297 886 exercitus
320 820 361 885 ad
382 819 502 886 Albam
531 819 692 905 mittatur,
722 841 798 905 pars
826 819 867 883 ad
893 823 926 883 te
949 841 999 884 ac·

50 909 142 995 cedat,
164 913 202 975 ut
224 931 292 974 non
314 913 448 995 pugnet,
470 908 527 974 sed
548 908 627 974 locis
646 908 713 974 suis
734 911 903 994 repugnet,
924 907 986 972 hae

50 997 126 1062 rebis
152 1019 259 1082 neque
286 998 375 1062 solus
402 1019 476 1064 cum
502 996 566 1062 ista
593 997 686 1080 copia
707 1000 835 1062 tantam
856 995 950 1060 multi
988 1032 1000 1043 ·

52 1085 151 1150 dinem
164 1085 322 1152 sustinere
336 1086 467 1170 poteris,
489 1090 527 1150 ut
541 1085 776 1150 frumentatum
789 1106 852 1150 eas.
884 1083 910 1159 Q
933 1121 934 1125 =

51 1173 152 1239 obrem
174 1179 208 1238 te
236 1194 356 1260 magno
385 1193 481 1258 opere
507 1174 635 1257 hortor,
665 1177 703 1238 ut
734 1193 831 1258 quam
862 1173 945 1257 prim

53 1281 117 1326 cum
140 1263 229 1328 omni
252 1263 347 1346 copia
367 1262 432 1326 huo
454 1262 579 1327 venias:
602 1262 749 1327 consules
763 1262 1002 1327 constituerunt

52 1348 128 1414 idem
148 1349 264 1416 facere.
306 1349 379 1436 Ego
402 1349 446 1415 Μ.
469 1349 610 1416 Tuscilio
634 1350 675 1415 ad
696 1354 730 1415 te
752 1350 907 1416 mandate
928 1349 1002 1414 dedi

53 1438 276 1518 providendum
300 1460 379 1523 esse,
400 1460 441 1504 ne
461 1438 543 1504 duce
565 1438 710 1524 legiones
733 1439 803 1504 sine
825 1437 1001 1504 Picentinis

53 1526 230 1592 cohortibus
253 1528 288 1591 in
312 1531 523 1617 conspectum¹
543 1525 689 1593 Caesaris
712 1527 1022 1627 committerQ

54 1611 627 1702 quamobrensnfflito‘comrnojverh·
648 1608 927 1680 ·sr'“'aiidieris'”ine
953 1635 1001 1678 re-

55 1703 144 1788 gredi,
165 1705 193 1768 si
216 1704 300 1769 forte
315 1703 434 1769 Caesar
447 1705 488 1769 ad
508 1725 560 1768 me
573 1705 693 1788 veniet3
717 1705 895 1770 cavendum
916 1702 1002 1768 enirn

55 1795 125 1870 puto
146 1813 225 1877 esse,
246 1793 311 1857 ne‘
369 1793 485 1858 licatus
507 1793 668 1876 haeream,
689 1813 766 1857 nam
779 1814 884 1878 neque
897 1795 1003 1856 castra

56 1883 176 1962 propter
189 1881 269 1944 anni
281 1814 737 1968 teffiiffcffiih—'tffiffirmos
749 1881 856 1946 facere
869 1900 1003 1965 possum

55 1985 147 2050 neque
170 1991 209 2032 ex
231 1969 381 2034 omnibus
400 1969 526 2054 oppidis
540 1970 731 2035 contrahere
744 1970 853 2054 copias
867 1967 1003 2052 expedIt,

57 2073 90 2117 ne
110 2061 272 2140 receptum
294 2057 455 2122 amittam:
478 2057 587 2211 itague
610 2079 678 2122 non
701 2057 839 2141 amplius
854 2073 937 2120 xnn.
951 2076 1002 2120 oo-

57 2139 155 2208 hortes
184 2144 352 2210 Luceriam
362 2187 369 2227 χ
379 2147 479 2231 coegi.
551 2147 681 2211 onsules
707 2143 868 2230 praesidia
894 2143 1030 2208 omnies

58 2229 253 2297 *deducturi
285 2237 363 2298 sunt
393 2238 450 2298 aut
480 2235 515 2298 in
542 2231 685 2299 Siciliam
715 2233 806 2298 Ituri:
837 2253 914 2296 narn
935 2235 1003 2295 aut

57 2322 218 2386 exercitum
240 2321 369 2386 firmum
397 2322 517 2387 habere
545 2325 686 2407 oportet,
713 2343 776 2406 quo
804 2320 1003 2386 confidamus

57 2427 249 2494 perrumpere
276 2431 337 2475 nos
363 2431 472 2494 posse,
503 2414 560 2475 aut
585 2411 734 2496 regiones
764 2408 920 2476 eiusmodi
947 2408 1002 2474 ob·

57 2495 156 2582 unere,
178 2519 196 2563 e
210 2498 327 2582 quibus
340 2519 567 2584 repugnemus,
588 2499 622 2563 id
636 2499 721 2584 quod
734 2502 886 2564 neutrum
908 2497 1002 2562 nobis

58 2581 109 2648 hoc
129 2589 273 2673 tempore
297 2589 443 2673 contIgit,
465 2588 551 2672 quod
574 2591 606 2652 et
623 2609 777 2674 magnam
798 2590 924 2672 partem
937 2584 1002 2651 Ita·

57 2669 109 2737 liae
120 2671 239 2739 Caesar
252 2676 422 2760 occupavit
434 2679 467 2740 et
487 2696 547 2741 nos
569 2697 638 2741 non
659 2677 816 2741 habemus
830 2675 1003 2760 exercitum

57 2761 113 2825 tam
135 2764 278 2847 amplum
301 2784 405 2847 neque
427 2767 495 2828 tam
513 2784 668 2849 magnum
682 2786 780 2848 quam
802 2765 869 2847 ille3
893 2764 1003 2847 itaque
1026 2699 1032 2858 t

58 2849 139 2914 nobis
169 2851 405 2935 providendum
436 2856 498 2935 est,
533 2856 571 2916 ut
604 2874 761 2955 Q
777 2854 825 2917 rei
855 2851 1002 2936 publicae

58 2938 203 3003 rationem
224 2939 411 3006 habeamus.
454 2939 565 3005 Etiam
588 2944 684 3024 atque
707 2945 804 3005 etiam
825 2944 859 3005 te
880 2939 994 3004 hortor

58 3027 89 3086 ut
112 3048 181 3092 cunr
210 3028 300 3092 omni
326 3030 420 3114 copia
445 3051 544 3112 quam
570 3029 710 3114 primurn
733 3029 773 3093 ad
804 3027 987 3092 merenies
1013 3022 1024 3130 I

58 3131 215 3192 possumus
229 3116 328 3180 ctiam
341 3138 428 3181 nunc
446 3139 514 3182 rem
536 3117 699 3202 publicam
713 3118 845 3200 erigere,
867 3115 895 3180 si
917 3136 1009 3191 com·‚

1004 3194 1009 3222 t

59 3203 136 3267 nuni
157 3205 293 3270 consilio
316 3206 484 3290 negotium
506 3205 815 3288 administrabimus,
838 3203 866 3268 si
888 3203 1028 3300 distroeg

59 3285 171 3376 hemur,
197 3292 318 3357 infirmi
346 3293 472 3358 erinius.
512 3293 594 3358 Mihi
621 3294 683 3358 hoc
710 3291 921 3357 constitutum
944 3296 1028 3356 est‘

118 3429 165 3500 Ep.
181 3430 220 3502 0,
235 3438 260 3488 2.
276 3448 328 3501 per
346 3432 416 3486 onai
433 3437 538 3502 tempus
556 3433 623 3502 (h.)?
660 3438 684 3487 3.
704 3432 796 3487 omnio
814 3434 830 3470 ¹*
847 3431 907 3488 dect.
926 3431 1000 3498 (W.).

61 3493 211 3557 Exciditur
229 3518 270 3556 me
288 3505 338 3558 aut
355 3503 409 3559 huc
426 3505 476 3558 aut
493 3519 523 3558 eo
542 3504 616 3572 (W.).
636 3518 660 3557 o.
674 3503 699 3558 d.
719 3501 812 3572 vulgo.
832 3532 866 3542 -
883 3517 1002 3557 mmor

62 3569 94 3621 rei
106 3587 132 3639 p.
149 3572 176 3642 (l.
197 3576 285 3643 1584).
304 3589 436 3629 ammam
453 3590 476 3629 r.
491 3591 522 3643 p.
541 3573 634 3642 MRI,
653 3573 684 3628 B.

789 3661 842 3716 19*
