2608 3972
256 245 302 308 OO
538 243 577 300 ll.
596 242 719 298 TULLII
737 239 928 298 CICERONIS

256 389 367 452 tamen
393 386 476 470 petit
501 385 620 451 iterum
649 385 698 450 rei
728 384 875 469 publicae
908 405 1012 448 causa
1056 380 1218 448 Lucceius

257 473 335 558 quid
357 478 448 559 agat,
475 473 613 538 scribam
635 473 677 537 ad
699 476 745 556 te,
772 493 871 556 quum
895 470 1064 538 Caesarem
1093 471 1218 554 videro,

218 581 243 620 ιν
257 561 313 646 qui
335 561 439 626 aderit
460 561 567 627 biduo.
597 560 689 637 Quod
712 559 854 644 Sicyonii
875 563 908 625 te
930 559 1072 642 laedunt,
1095 556 1218 626 Catani

256 652 290 714 et
321 649 389 714 eius
421 650 611 716 aemulatori
647 649 803 714 attribues
836 647 980 714 Servilio.
1024 646 1133 725 Quid?
1175 668 1218 717 aa

256 737 354 823 plaga
375 759 484 804 nonne
508 738 548 804 ad
571 739 690 802 multos
713 737 817 802 bonos
843 736 930 802 viros
952 734 1114 820 pertinet?
1147 736 1218 819 sed,

257 825 286 890 si
306 825 353 892 ita
374 827 509 910 placuit,
539 826 719 908 laudemus,
752 824 866 890 deinde
892 824 928 890 in
958 823 1217 890 dissensionibus

217 932 243 972 11
257 914 319 979 soli
344 913 575 998 relinquamur!
611 913 786 978 Amalthea
817 935 888 977 mea
918 915 952 976 te
984 914 1148 996 exspectat
1181 916 1218 977 et

256 1001 382 1088 indiget
402 1003 464 1086 tui,
491 1002 709 1068 Tusculanum
735 1005 769 1065 et
790 999 1023 1086 Pompeianum
1044 999 1137 1066 valde
1160 1021 1217 1064 me

258 1090 427 1175 delectant,
448 1090 513 1156 nisi
535 1090 621 1174 quod
643 1111 704 1173 me,
725 1089 817 1154 illum
835 1091 942 1173 ipsum
955 1088 1115 1154 vindicem
1128 1088 1216 1154 aeris

257 1178 368 1261 alieni,
400 1199 472 1244 aere
495 1199 563 1244 non
586 1176 768 1262 Corinthio,
795 1178 851 1242 sed
873 1176 936 1243 hoe
958 1176 1216 1243 circumforaneo

258 1264 442 1332 obruerunt.
473 1265 514 1330 In
531 1264 637 1330 Gallia
659 1287 824 1350 speramus
838 1286 907 1330 esse
931 1265 1041 1330 otium.
1066 1263 1217 1351 Progno-

258 1353 339 1416 stica
362 1375 434 1419 mea
456 1373 529 1420 cum
551 1353 761 1419 oratiunculis
783 1353 971 1438 propediem
993 1356 1157 1437 exspecta,
1181 1357 1217 1418 et

257 1444 376 1525 tamen,
398 1442 475 1526 quid
498 1442 621 1527 cogites
644 1443 683 1507 de
696 1442 837 1507 adventu
859 1446 927 1526 tuo,
950 1441 1051 1506 scribe
1074 1441 1116 1506 ad
1138 1463 1217 1508 nos:

258 1549 334 1595 nam
356 1529 436 1594 mihi
457 1529 637 1614 Pomponia
659 1530 804 1596 nuntiari
817 1530 912 1596 iussit
924 1533 956 1594 te
970 1550 1080 1594 mense
1096 1528 1217 1606 Quinc·

257 1617 308 1681 tili
328 1617 452 1682 Romae
473 1618 557 1702 fore3
583 1617 616 1682 id
643 1618 750 1684 atuis
772 1618 902 1701 litteris,
931 1639 1011 1702 quaa
1034 1617 1075 1682 ad
1098 1638 1150 1682 me
1174 1618 1216 1682 de

219 1725 244 1766 u
257 1725 356 1770 censu
376 1709 434 1770 tuo
461 1706 608 1790 miseras,
639 1707 850 1791 discrepabat.
894 1705 1026 1791 Pactam,
1055 1709 1094 1771 ut
1116 1709 1217 1771 antea

258 1793 298 1857 ad
320 1797 354 1856 te
377 1794 504 1878 scripsi,
535 1816 647 1860 omnes
668 1795 783 1879 libros,
814 1816 895 1879 quos
917 1794 1018 1859 frater
1041 1816 1117 1860 suus
1140 1795 1215 1859 reli-

258 1881 391 1966 quisset,
422 1882 503 1946 mihi
534 1882 675 1948 donavit,
719 1881 791 1948 Hoc
821 1883 908 1948 illius
940 1904 1057 1949 munus
1088 1882 1124 1947 in
1156 1887 1217 1948 tua
1302 1917 1303 1963 3

258 1969 425 2054 diligentia
446 1970 589 2055 positum
611 1975 672 2036 est:
700 1972 728 2036 si
749 1993 801 2036 me
824 1993 927 2055 amaa,
958 1992 1047 2056 cura,
1078 1974 1115 2036 ut
1138 1993 1217 2036 con·

257 2063 425 2123 serventur
455 2061 488 2124 et
519 2060 559 2124 ad
590 2081 642 2124 me
673 2059 890 2144 perferantur3
924 2060 988 2125 hoc
1017 2059 1099 2123 mihi
1130 2060 1217 2124 nihil

257 2150 366 2231 potest
396 2169 466 2213 esse
497 2148 634 2234 gratim
665 2152 699 2212 et
729 2170 829 2232 quum
851 2147 1003 2232 Graecos,
1038 2151 1108 2211 tum
1135 2170 1216 2213 vero

257 2235 429 2322 diligenter
450 2235 584 2302 Latinos
611 2239 649 2300 ut
674 2256 844 2302 conserves
875 2236 986 2300 velim:
1018 2239 1110 2300 tuum
1142 2256 1216 2302 esse
1301 2257 1302 2328 l

256 2323 318 2389 hoo
332 2325 557 2390 munusculum
579 2325 711 2409 putabo.
746 2324 799 2389 Ad
814 2323 982 2390 Octavium
1000 2323 1072 2388 dedi
1086 2323 1215 2389 litteras

259 2445 298 2456 —-
315 2431 388 2475 cum
401 2413 472 2494 ipso
486 2413 568 2476 nihil
586 2433 674 2476 eram
690 2414 832 2497 locutus,
853 2434 958 2497 neque
977 2412 1063 2478 enim
1076 2411 1142 2476 ista
1155 2415 1215 2478 tua

255 2497 389 2581 negotia
405 2498 615 2582 provincialia
633 2521 702 2564 esse
721 2500 876 2585 putabam
893 2522 998 2585 neque
1015 2504 1048 2564 te
1062 2500 1097 2564 in
1110 2503 1214 2566 tocul-

255 2583 397 2651 lienibus
409 2586 569 2650 habebam
579 2623 636 2671 —,
649 2587 705 2652 sed
720 2587 848 2671 scripsi,
861 2593 899 2653 ut
913 2588 1017 2672 debui,
1031 2588 1214 2674 diligenter.
1300 2617 1301 2695 ,

709 2727 751 2791 ll.

344 2826 401 2884 Ser.
420 2829 451 2883 in
469 2829 628 2884 Tusculano
646 2847 741 2886 mense
760 2831 909 2886 Decembri
927 2847 952 2886 a.
972 2850 998 2885 u.
1017 2848 1041 2886 c.
1061 2837 1121 2887 694.

543 2916 673 2973 CICERO
692 2917 826 2975 ATTICO
847 2919 922 2974 SAL.

227 3027 241 3070 ι
322 3006 420 3093 Cura,
452 3008 566 3075 amabo
589 3012 636 3093 te,
663 3008 850 3076 Ciceronem
879 3013 1040 3076 nostrum:
1075 3011 1214 3090 'seinos

228 3102 348 3164 νΘειοι
379 3097 532 3162 videmur.
577 3101 798 3182 Πελληναίων
824 3099 859 3162 in
887 3099 1036 3164 manibus
1059 3100 1212 3164 tenebam

325 3219 377 3290 Ep.
398 3226 422 3287 1,
442 3225 483 3274 10.
503 3219 717 3275 dissertatonebaa
735 3219 839 3289 (MRI,
857 3219 894 3286 2,
917 3219 1023 3290 vulgo).
1041 3221 1211 3276 dbcoeaom'·
1298 3264 1299 3308 ,

255 3290 305 3346 bue
321 3306 368 3359 m,
387 3290 419 3345 B.
442 3319 476 3330 ·-
500 3290 823 3357 l.,deindeaeinda'sa
843 3289 929 3360 (W.)?
961 3291 989 3356 l,
1010 3291 1094 3345 ecio
1111 3292 1211 3366 siml.

257 3366 297 3414 12.
328 3359 446 3416 Lartos
464 3361 512 3416 dil.
532 3360 682 3430 (1.,a01.)a
718 3360 769 3485 Ep.
789 3367 813 3428 2,
835 3367 858 3415 1.
877 3361 980 3428 †cinos
999 3361 1111 3416 ΘΕΙΟΙ
1128 3361 1210 3433 (Ml).

256 3428 501 3485 CINOCOEIOI
517 3431 576 3486 Mc.
597 3430 719 3485 CINOO
764 3429 946 3486 VNOCTIN
961 3431 1044 3501 ed.(?)
1065 3431 1157 3488 Sirlet.
1186 3435 1211 3487 ei
1297 3497 1298 3500 Ἴ

254 3515 305 3582 nos
317 3502 395 3554 θειοι
408 3500 473 3624 ἐξ,
492 3501 577 3624 aficlb.
597 3506 744 3555 συννοσεῖν
761 3501 827 3571 (W.)
847 3503 897 3556 aut
909 3502 955 3556 eei
967 3515 1018 3557 nos
1035 3518 1059 3556 o.
1079 3502 1210 3574 (Mutet).
1297 3571 1298 3574 Ἴ

254 3585 280 3626 ιν
297 3585 347 3624 nos
366 3586 389 3623 σ.
429 3586 480 3640 e,
523 3609 531 3624 .
1297 3591 1298 3604 ν
