2484 3974
224 201 292 267 394
507 202 547 256 M.
565 199 688 257 TULLII
706 200 897 258 CICERONIS

219 345 255 412 P.
279 345 462 430 Terentius,
485 367 575 411 meus
597 347 811 430 necessarius,
834 367 949 431 operas
974 348 1010 412 in
1031 351 1173 432 portast

220 435 380 520 scriptura
411 433 509 500 Asiae
541 457 600 520 pro
633 436 788 522 magistro
820 435 922 500 dedit:
966 436 996 500 is
1027 435 1171 512 Quintum

218 522 322 588 filium
345 523 468 607 Ephesi
490 523 571 588 vidit
592 541 638 588 vl.
659 521 737 588 Idus
759 523 927 589 Decembr.
950 545 1087 610 cumque
1115 529 1171 590 stu·

220 612 309 678 diosc
332 615 465 696 propter
479 611 653 678 amicitiam
667 615 814 677 nostram
836 612 997 698 invitavit,
1022 632 1171 698 quumque

219 721 260 766 ex
286 721 325 766 eo
353 701 391 765 de
418 721 470 765 me
502 703 758 785 percontaretur,
790 721 864 765 eum
896 701 959 766 sibi
986 701 1035 766 ita
1066 702 1169 767 dixisse

219 789 389 873 narrabat,
421 807 455 858 ss
477 790 557 854 mihi
580 809 650 853 esse
672 789 944 873 inimicissimum,
966 791 1169 875 columenque

218 878 283 944 sibi
296 878 476 944 ostendisse
489 877 655 962 orationis,
670 897 768 961 quam
783 875 1056 962 apud·ansarem
1070 885 1169 945 contra

217 987 270 1032 rue
298 965 384 1032 cs'set
413 965 597 1050 habiturus,
628 969 830 1030 multasse
858 966 945 1032 dicta
973 971 1089 1032 contra
1113 969 1168 1032 eius

220 1054 404 1140 amentiam,
426 1056 530 1120 multa
550 1059 666 1139 postea
681 1053 787 1118 Patris
811 1055 909 1120 simili
932 1057 1053 1121 scelere
1075 1077 1166 1122 secun

219 1142 376 1220 Quintum
399 1147 524 1228 patrem
546 1144 698 1228 locutum,
720 1144 811 1210 cuius
834 1144 977 1208 furorem
998 1167 1038 1209 ex
1056 1145 1096 1210 iis
1116 1146 1167 1228 epi·

141 1263 146 1274 ·
220 1233 325 1316 stolis,
357 1253 438 1316 quas
459 1231 502 1296 ad
524 1235 557 1296 te
579 1231 666 1315 misi,
693 1233 873 1316 perspicere
902 1233 1048 1318 potuisti.
1093 1233 1167 1298 Haec

218 1320 280 1385 tibi
302 1320 407 1386 dolori
429 1341 499 1386 esse
522 1323 610 1385 certo
638 1320 718 1403 sci03
751 1343 803 1385 me
831 1321 961 1405 quidem
989 1323 1167 1405 excruciant,

219 1411 252 1473 et
275 1429 313 1475 eo
336 1409 455 1494 magis,
477 1409 564 1494 quod
584 1408 664 1473 mihi
687 1409 848 1473 cumillis
870 1431 912 1474 ne
933 1411 1092 1494 querendi
1112 1411 1166 1496 qui·

189 1497 292 1562 adem
327 1498 435 1563 locum
474 1498 620 1562 futurum
656 1501 745 1582 puto.
799 1497 849 1562 De
884 1497 1051 1564 Africanis
1086 1499 1166 1563 rebus

217 1586 316 1671 longe
339 1587 404 1650 alia
425 1586 529 1670 nobis,
551 1589 646 1651 actu
670 1587 853 1671 scripseras,
875 1587 1079 1672 nuntiantur,
1099 1587 1165 1652 nihil

219 1674 305 1738 enim
337 1675 459 1740 firmius
491 1695 560 1739 esse
592 1674 717 1759 dicunt,
748 1675 831 1739 nihil
862 1676 1022 1759 paratius,
1059 1675 1166 1740 accedit

217 1761 378 1846 Hispania
395 1767 428 1827 et
441 1763 583 1828 alienata
600 1761 705 1846 Italia,
725 1763 892 1848 legionum
914 1785 975 1828 nec
996 1764 1047 1828 vis
1070 1764 1164 1829 codem

218 1871 279 1915 noc
300 1852 465 1937 voluntas,
494 1852 637 1916 urbanae
659 1873 712 1916 res
734 1851 888 1936 perditae.
933 1851 1017 1928 Quid
1040 1857 1102 1936 est,
1121 1852 1165 1918 ubi

216 1941 433 2026 acquiescam,
455 1941 519 2006 nisi
532 1940 699 2025 -quamdiu
725 1943 799 2004 tuas
823 1940 949 2005 litteras
972 1941 1071 2025 lego?
1098 1961 1167 2025 quae

216 2032 328 2093 essent
362 2029 507 2114 profecto
539 2029 729 2112 crebriores,
757 2029 790 2092 si
818 2029 895 2112 quid
929 2029 1081 2113 haberes,
1113 2050 1166 2113 quo

217 2121 349 2201 putares
376 2139 481 2183 meam
508 2117 690 2182 molestiam
716 2117 820 2181 minui
845 2139 955 2200 possc3
986 2118 1044 2182 sed
1070 2122 1166 2183 tamen

215 2209 251 2269 tc
273 2226 364 2292 rogo,
386 2210 424 2271 ut
445 2227 486 2270 ne
509 2206 705 2270 intermittas
728 2205 867 2270 scribere
882 2205 922 2270 ed
940 2227 1001 2288 me,
1026 2204 1166 2290 quidquid

217 2294 293 2378 erit,
318 2315 454 2380 eosque,
485 2294 541 2379 qui
563 2294 643 2359 mihi
664 2297 733 2358 tam
756 2294 927 2358 crudeliter
948 2295 1072 2358 inimici
1093 2297 1167 2376 sunt,

217 2381 245 2446 si
269 2382 373 2447 odisse
396 2404 464 2448 non
486 2385 593 2468 potes,
615 2403 744 2447 accuses
767 2385 886 2467 tamen,
908 2403 976 2448 non
998 2387 1037 2447 ut
1058 2381 1166 2466 aliquid

216 2469 376 2553 proficias,
398 2470 454 2534 scd
476 2475 513 2536 ut
535 2470 595 2536 tibi
618 2491 669 2534 me
684 2491 794 2534 carum
808 2491 878 2534 esse
892 2471 1044 2537 sentiant.
1079 2471 1168 2535 Plura

103 2593 106 2596 ·
215 2556 259 2621 ad
281 2559 315 2622 tc
333 2558 481 2646 scribam,
503 2559 531 2624 si
549 2558 629 2624 mihi
644 2559 685 2624 ad
705 2581 759 2623 eas
773 2559 907 2643 litteras,
929 2581 1011 2644 quas
1034 2560 1166 2644 proxime

215 2644 259 2710 ud
281 2648 315 2710 tc
337 2646 419 2733 dedi,
441 2649 651 2732 rescripseris.
696 2646 787 2712 Vale.
818 2665 875 2712 ΧΗ.
898 2647 938 2712 K.
960 2645 1055 2714 Febr.

667 2893 723 2960 XI.

279 3012 337 3072 Sar.
356 3014 499 3070 Brundisii
516 3032 542 3072 a.
563 2973 594 3071 (1.Ι
608 3013 679 3070 VIII.
699 3015 765 3070 ldus
784 3014 901 3070 Martias
920 3031 945 3069 a.
965 3033 992 3070 u.
1011 3032 1034 3070 c.
1055 3020 1112 3071 Ἰοῖ.

506 3119 637 3176 CICERO
656 3118 791 3176 ATTICO
812 3119 888 3176 SAL.

189 3245 204 3289 ι
283 3224 458 3295 Confectus
479 3229 545 3294 iarn
568 3231 712 3296 cruciatu
730 3230 943 3296 maximorum
957 3229 1111 3314 dolorum,
1130 3246 1163 3291 ne

216 3315 245 3420 si
268 3317 311 3381 sit
333 3317 474 3402 quidem,
507 3319 592 3402 quod
616 3319 656 3383 ad
683 3322 715 3383 te
743 3319 878 3383 debeam
900 3319 1053 3402 scribere,
1082 3315 1163 3383 facile

286 3470 310 3525 Ε
333 3513 339 3524 .
359 3477 402 3540 10,
422 3479 445 3528 1.
468 3475 604 3530 currebat
621 3491 649 3529 se
667 3475 751 3545 (W.)?
797 3481 823 3529 2.
850 3491 925 3546 repo,
949 3481 982 3530 ut
999 3492 1033 3529 ae
1052 3472 1161 3542 (wora).

216 3554 250 3605 a,
267 3545 300 3594 ut
353 3548 376 3596 1.
403 3555 437 3612 rs,
453 3559 488 3598 sse
505 3544 555 3598 lle
583 3545 661 3599 ltlB.
680 3577 715 3586 -
733 3547 844 3602 metiti
863 3549 925 3615 (vc,
943 3546 1005 3602 cdd.
1024 3545 1119 3616 Mulli
