2590 3964
259 227 323 290 122
539 226 578 281 ll.
596 225 720 280 TULLII
739 223 930 280 CICERONIS

256 371 352 436 nobis
366 373 452 436 essct
464 369 647 435 adiudicata
659 405 713 455 -,
735 390 834 454 quum
852 368 960 433 subito
981 367 1037 432 ille
1058 367 1095 432 in
1108 367 1227 432 conci-

257 481 353 524 onem
392 457 549 542 escendit,
591 480 687 542 quam
718 455 845 541 Appius
881 456 911 520 ei
943 456 1042 520 dedit:
1082 456 1227 520 nuntiat

255 549 278 626 †
305 548 370 610 iam
401 547 523 633 populo
554 546 724 630 pontifices
755 544 931 610 secundum
962 566 996 608 se
1027 543 1227 628 decrevisse,

256 658 308 700 me
323 639 431 699 autem
445 635 478 700 vi
491 634 602 699 conari
619 634 656 698 in
667 633 905 719 possessionem
918 632 1041 715 venire,
1055 632 1226 716 hortatur,

257 727 295 788 ut
317 745 351 787 se
373 727 407 788 et
428 723 573 807 Appium
595 725 771 804 sequantur
792 725 827 785 ct
848 743 940 784 suam
961 719 1160 785 libertatem
1184 721 1225 784 vi

256 811 442 875 defendant
485 809 549 874 Hic
576 831 676 893 quum
702 809 801 874 etiam
822 809 872 873 illi
893 809 997 872 infimi
1018 808 1138 892 partim
1162 809 1222 872 ad-

256 901 466 982 mirarentur,
501 898 621 983 purtim
655 897 827 962 irriderent
857 897 999 962 hominis
1031 897 1223 980 amentium,

257 1009 318 1074 ego
342 991 518 1053 statueram
544 987 622 1050 illuc
643 1007 712 1051 non
739 986 901 1068 accedere,
931 985 996 1049 nisi
1018 1007 1118 1069 quum
1140 1005 1223 1049 con·

257 1079 343 1140 sules
367 1098 405 1140 ex
429 1079 560 1140 senatus
574 1076 724 1140 consulto
745 1074 907 1158 porticum
920 1071 1028 1138 Catuli
1043 1073 1223 1137 restituen-

228 1181 243 1222 4
256 1166 331 1229 dam
344 1165 516 1228 locassent.
534 1163 606 1227 Kal.
617 1162 746 1228 Octobr.
759 1162 898 1227 habetur
908 1165 1039 1226 senatus
1048 1161 1223 1245 frequens:

256 1253 451 1316 adhibentur
473 1273 585 1316 omnes
606 1250 785 1335 pontifices,
806 1251 861 1334 qui
884 1252 977 1314 erant
999 1253 1177 1333 senatores,
1201 1271 1224 1312 a

257 1341 373 1424 quibus
391 1338 608 1422 Marcellinus
630 1341 686 1422 qui
708 1342 778 1403 erat
800 1338 1024 1422 cupidissimus
1046 1338 1120 1421 mei,
1145 1359 1221 1402 sen-

255 1428 393 1492 tentiam
419 1428 541 1511 primus
567 1433 703 1512 rogatus
733 1426 903 1511 quaesivit,
934 1426 1010 1510 quid
1042 1429 1155 1490 essent
1183 1428 1222 1492 in

256 1515 457 1580 decernendo
489 1515 604 1598 secuti3
636 1520 708 1580 tum
738 1514 782 1579 Μ.
812 1514 965 1580 Lucullus
997 1514 1037 1578 dc
1068 1514 1222 1579 omnium

256 1604 455 1689 collegarum
492 1603 654 1668 sententia
688 1603 857 1687 respondit
890 1603 1057 1688 religionis
1092 1602 1222 1668 iudices

232 1693 236 1700 '
256 1693 425 1777 pontifices
447 1691 558 1776 fuisse,
579 1693 661 1777 legis
684 1695 832 1756 senatum
854 1712 928 1756 esse:
960 1713 995 1756 se
1017 1694 1050 1754 et
1072 1691 1221 1776 collegas

257 1801 334 1845 suos
357 1780 396 1843 de
418 1780 574 1864 religione
598 1780 758 1864 statuisse,
779 1780 815 1844 in
829 1784 943 1845 senatu
956 1779 996 1844 de
1018 1780 1090 1864 lege
1113 1782 1221 1844 statu-

256 1872 347 1932 turos
373 1865 459 1954 [cum
481 1864 622 1955 senatu]:
644 1869 754 1951 itaque
773 1890 831 1932 suo
846 1869 981 1952 quisque
1001 1866 1120 1933 borum
1143 1868 1220 1933 loco
1286 1905 1287 1957 ,

257 1956 452 2022 sententiam
465 1959 600 2041 rogatus
614 1957 717 2022 multa
735 1956 910 2020 secundum
924 1977 1054 2020 causam
1066 1959 1221 2020 nostram

228 2092 231 2098 -
257 2044 448 2129 disputavit,
477 2066 576 2129 quum
599 2045 640 2108 ad
663 2043 811 2108 Olodium
833 2047 965 2109 ventum
987 2047 1085 2125 esset,
1113 2044 1222 2128 cupiit

257 2133 342 2198 diem
356 2154 552 2216 consumere,
574 2154 679 2215 neque
694 2133 723 2196 ci
736 2133 811 2196 finis
825 2136 875 2196 est
887 2133 1002 2216 faetus,
1025 2132 1082 2196 sed
1094 2135 1221 2218 tamen,
1285 2183 1286 2190 ,

257 2243 356 2305 quum
386 2221 484 2286 horas
520 2224 586 2285 tres
617 2221 685 2285 fere
721 2220 866 2304 dixisset,
902 2220 976 2285 odio
1012 2223 1046 2284 ct
1076 2221 1222 2305 strepitu
1285 2219 1286 2292 l

257 2312 389 2373 senatus
404 2313 533 2374 coactus
552 2312 602 2373 est
623 2308 795 2393 aliquando
818 2330 980 2392 perorare,
1003 2329 1102 2390 quum
1124 2308 1221 2373 lieret
1285 2293 1286 2323 ¹

257 2399 389 2459 senatus
416 2398 600 2461 consultum
626 2398 662 2460 in
689 2397 882 2460 sententiam
904 2395 1085 2460 Marcellini
1111 2398 1220 2462 omni·

256 2482 318 2546 bus
344 2487 472 2566 praeter
502 2504 604 2547 unum
633 2485 896 2568 assentientibus,
932 2482 1088 2549 Serranus
1119 2486 1221 2550 inter·
1284 2533 1285 2566 ,

256 2571 359 2635 ausit:
382 2571 421 2634 de
440 2571 669 2636 intercessione
684 2573 793 2636 statim
808 2573 903 2637 ambo
924 2573 1072 2638 consules
1094 2573 1220 2638 referre
1284 2573 1285 2666 l

256 2661 445 2741 coepcrcmt3
472 2679 571 2742 quum
593 2660 772 2725 sententiae
795 2660 1003 2746 gravissimae
1023 2659 1220 2745 dicerentur,
1284 2667 1285 2689 ¹

257 2746 385 2811 senatui
397 2747 523 2829 placere
537 2747 618 2811 mihi
631 2747 761 2812 domum
775 2749 910 2832 restitui,
932 2748 1092 2832 porticum
1106 2746 1218 2814 Catuli

256 2834 365 2917 locari,
388 2834 613 2899 auctoritatem
636 2836 759 2900 ordinis
781 2837 822 2901 ab
845 2836 994 2900 omnibus
1017 2836 1219 2921 magistrati·
1283 2853 1284 2918 l

256 2923 318 2986 bus
331 2922 470 3006 defendi,
484 2922 511 2986 si
525 2944 607 3006 quae
621 2923 670 2988 vis
685 2927 769 2988 esset
781 2924 877 3007 facta,
890 2927 1039 2989 senatum
1052 2925 1218 2990 existima·
1283 2919 1284 3000 l

256 3013 366 3112 turum
389 3009 457 3074 eius
478 3032 576 3094 opera
597 3011 719 3075 factum
733 3033 811 3095 esse,
834 3013 889 3095 qni
911 3015 1042 3076 senatus
1065 3013 1218 3080 consulto
1283 3001 1284 3056 l

256 3098 503 3183 intercessisset,
535 3097 692 3164 Serranus
714 3100 881 3184 pertimuit
903 3103 937 3164 et
958 3098 1150 3190 Cornicinus
1174 3102 1217 3167 ad
1282 3175 1283 3180 η

327 3272 378 3341 Ep.
394 3278 419 3340 2,
438 3280 463 3327 3.
482 3273 595 3328 amnt
609 3277 627 3339 †
640 3274 697 3328 iam
709 3289 740 3342 p.
759 3273 835 3342 (W.).
853 3292 880 3329 o.
896 3273 976 3345 [iam]
990 3291 1021 3342 p.
1040 3274 1117 3344 (Mul.
1132 3277 1218 3346 conj,

254 3340 317 3410 Bb?
349 3342 440 3396 redd.
459 3343 525 3397 Mal.
549 3344 697 3398 brabante
710 3360 740 3412 p.
773 3360 802 3398 a.
820 3346 915 3400 scano
932 3346 1010 3400 bomo
1023 3362 1055 3414 p.
1074 3345 1162 3413 (ΨΜ
1181 3377 1215 3388 -

255 3412 285 3463 vi
302 3411 450 3478 &sarciunt
473 3412 561 3480 (Gerr.
581 3415 611 3468 et
628 3413 673 3468 W,
692 3413 785 3483 coni).
803 3420 835 3468 ut
852 3416 878 3470 d.
897 3415 991 3487 vulgo.
1011 3443 1045 3456 ··-
1063 3417 1155 3484 infimi
1174 3419 1217 3485 (I.,

254 3484 335 3551 acb).
363 3486 469 3550 turim
492 3484 594 3554 OMR,
618 3484 696 3553 Oxx,
718 3485 814 3540 Ambr.
840 3493 882 3554 16,
904 3487 936 3541 Β.
973 3493 998 3541 4.
1020 3491 1131 3542 vatum
1148 3496 1216 3544 essct
1280 3485 1282 3492 ’

255 3553 320 3621 (W.)
338 3569 362 3606 c.
382 3559 420 3606 est
437 3555 531 3623 vulgo.
549 3559 674 3609 senatum
690 3571 752 3610 esse.
779 3572 807 3610 sc
825 3557 880 3625 (W.
900 3558 929 3611 et
946 3557 977 3612 Β.
997 3557 1081 3628 oonj.;
1106 3573 1161 3614 esce
1178 3576 1216 3614 a:
1281 3561 1282 3572 ¹

253 3639 281 3678 se
300 3621 436 3691 Seyffert).
454 3640 490 3677 a:
507 3640 534 3678 sc
551 3625 646 3694 vulgo.
