2608 3972
263 233 308 300 30
546 231 938 290 [mmmmm

262 379 492 465 &umbone
513 379 846 481 &ermeleno
859 397 1098 462 memus
1110 380 1221 478 vem

263 467 1221 552 -nam,qurntontm0mntolntremeoeomstes,

263 556 866 641 quenteiueunditss,quammollis
894 554 1220 618 nuimusetsdee·

264 645 446 729 eipiendsm
476 649 511 710 et
540 645 583 709 sd
613 644 837 728 deponendam
874 642 1102 728 offensionem,
1135 641 1220 706 nihil
1293 645 1294 722 l

264 733 602 816 attinetmeadle,
632 731 1131 816 quiesuosfi,smbere-;
1162 730 1222 794 sed
1293 726 1294 790 l

264 821 382 886 eeeidit
407 821 681 906 perincommode,
707 821 794 904 quod
820 843 895 884 eum
919 842 1080 902 nusquam
1101 819 1222 903 vidisti,

264 910 368 974 valuit
388 909 477 974 enim
497 910 586 994 plus,
617 909 704 992 quod
725 913 797 972 eret
820 909 870 972 illi
891 909 1121 974 nonnullorum
1143 907 1222 971 urti-

263 997 346 1062 fieiis
366 998 573 1081 inculcatum,
593 1018 692 1080 quem
709 1001 768 1061 eut
783 997 928 1062 officium
940 1000 998 1060 eut
1017 995 1222 1060 necessitudo

264 1091 323 1150 eut
344 1107 436 1152 emor
457 1089 564 1151 vester
581 1085 637 1149 ille
658 1085 824 1169 pristinus,
845 1087 902 1170 qui
922 1085 1096 1168 plurimum
1112 1085 1222 1148 velere
1293 1125 1294 1172 ,

238 1172 386 1239 rdebuit
413 1172 532 1258 Atque,
552 1174 649 1239 buius
661 1173 858 1238 incommodi
879 1173 975 1256 culpe
995 1173 1052 1236 ubi
1073 1172 1223 1257 resideat,
1293 1187 1294 1254 l

264 1261 392 1326 feeiliue
422 1281 556 1344 pessum
586 1261 771 1326 existimm
801 1284 898 1346 quem
925 1261 1077 1344 seribere3
1107 1281 1222 1326 vereor

265 1349 1223 1524 {litutelutglfflttlhlbb‘llffle

265 1525 389 1592 fectum
402 1527 455 1610 sit,
475 1526 557 1592 illud
570 1489 708 1610 qdidem,
729 1527 817 1610 quod
830 1531 915 1610 eret,
937 1548 993 1592 eos
1006 1530 1092 1591 certe
1105 1547 1221 1590 seuere

266 1615 418 1699 potuisse.
464 1612 527 1680 Sed
548 1615 683 1680 huiusce
703 1615 752 1679 rei
772 1616 874 1680 totius
895 1615 1025 1699 vitium,
1055 1615 1141 1698 quod
1164 1614 1220 1680 eli·

266 1706 389 1785 quanto
411 1703 510 1768 etiem
531 1703 629 1768 letius
650 1707 757 1789 petet,
778 1724 876 1787 quem
896 1703 1037 1786 videtu,
1057 1703 1222 1786 praesenti

239 1790 327 1854 cubi
349 1791 549 1856 eommodius
570 1813 738 1874 erponem.
782 1790 832 1856 De
854 1793 894 1856 iis
915 1792 1046 1874 litteris,
1076 1813 1157 1875 ques
1180 1792 1222 1855 ad
1293 1853 1294 1856 ,

266 1881 301 1942 te
322 1877 553 1944 Thessalonice
574 1881 676 1964 misit,
707 1879 802 1944 etde
829 1880 1045 1963 sermonibus,
1075 1901 1156 1962 quos
1179 1881 1222 1944 eb

266 1966 323 2030 illo
346 1972 380 2031 et
400 1966 524 2032 Romae
551 1969 637 2051 apud
663 1968 784 2033 amieos
805 1972 880 2032 tuos
907 1971 942 2033 et
965 1968 1001 2032 in
1027 1968 1142 2033 itinere
1164 1967 1221 2032 he-

267 2054 353 2119 bitos
376 2058 489 2139 potes,
510 2055 626 2138 ecquid
647 2059 776 2120 tanum
798 2077 913 2120 causae
935 2057 991 2140 sit,
1012 2056 1143 2141 ignoro,
1165 2056 1223 2120 sed

267 2143 372 2208 omnis
394 2144 430 2208 in
447 2147 506 2208 tun
526 2144 635 2228 posite
654 2147 705 2208 est
720 2144 923 2208 humanitate
936 2143 1017 2208 mihi
1029 2166 1104 2228 spes
1125 2144 1222 2209 huius

266 2231 421 2298 leuandae
443 2233 623 2298 molestiae:
650 2252 741 2317 nuru,
763 2233 790 2298 si
811 2233 859 2298 ite
881 2233 1041 2316 statueris,
1063 2236 1097 2298 et
1116 2233 1222 2296 irrite·

266 2319 347 2384 biles
378 2321 504 2386 enimos
535 2342 605 2386 esse
637 2321 834 2404 optimorum
865 2343 960 2406 seepe
991 2320 1160 2386 hominum
1191 2324 1224 2386 et

266 2407 397 2471 eosdem
418 2408 593 2490 pleeebiles
616 2412 650 2474 et
676 2431 746 2474 esse
776 2410 862 2474 hano
889 2411 1084 2494 agilitatem,
1115 2413 1156 2474 ut
1177 2409 1223 2473 ite

267 2492 390 2577 dioem,
421 2495 653 2579 mollitiemque
685 2499 821 2562 natiuae
852 2499 1039 2583 plerumque
1066 2498 1222 2562 bonitatis

267 2583 313 2663 et,
334 2581 370 2644 id
391 2582 477 2665 quod
500 2586 598 2667 ceput
620 2588 682 2669 est,
712 2585 807 2650 nobis
828 2585 914 2650 inter
940 2590 1052 2652 nostre
1079 2587 1148 2650 sive
1175 2587 1223 2650 in·

267 2669 436 2734 commode
466 2670 533 2736 eive
563 2672 643 2737 vitia
669 2672 736 2737 sive
762 2673 897 2738 iniuriae
928 2695 997 2740 esse
1027 2675 1224 2760 tolerandas,

266 2754 361 2822 feeile
391 2756 490 2844 liaeo,
525 2760 793 2844 quemadmodum
824 2783 937 2848 spero,
971 2762 1225 2848 mitigubuntu13

267 2844 354 2928 quod
376 2866 437 2932 ego
460 2852 498 2912 ut
519 2847 620 2914 faeies
634 2853 667 2914 te
685 2871 753 2934 oro,
773 2871 851 2914 nem
865 2851 906 2916 ed
919 2873 980 2936 me,
1003 2851 1059 2935 qui
1080 2855 1113 2915 te
1127 2852 1223 2918 unice

267 2932 377 3020 diligo,
399 2935 536 3000 menime
558 2938 699 3020 pertinet
721 2939 883 3004 neminem
897 2961 966 3004 esse
989 2961 1144 3025 meorum,
1168 2941 1224 3024 qui
1293 2975 1294 2996 κ

241 3025 325 3088 seut
346 3027 379 3088 te
401 3044 470 3089 non
492 3028 580 3090 emet
601 3031 658 3091 eut
680 3027 738 3092 ebs
760 3031 793 3092 te
809 3048 884 3113 ,non
903 3031 1036 3092 emetur.
1067 3027 1130 3092 Ille
1148 3050 1226 3111 pars

267 3110 422 3195 epistolae
444 3114 520 3178 tuee
542 3114 688 3180 minime·
701 3115 764 3180 fuit
789 3117 984 3199 necessarie,
1014 3117 1050 3180 in
1078 3138 1143 3200 qua
1172 3138 1224 3181 ex-

267 3198 375 3352 ssonis,
412 3220 492 3284 ques
522 3200 694 3268 facultates
722 3206 780 3268 aut
804 3204 1051 3288 prouincialium
1083 3208 1140 3268 eut
1172 3227 1226 3270 ur·

290 3306 427 3354 snorum
450 3289 691 3356 commodorum
723 3295 758 3355 et
783 3291 856 3356 aliis
881 3292 1082 3376 temporibus
1108 3295 1143 3356 et
1172 3315 1226 3356 me

267 3371 339 3458 ipso
367 3377 497 3442 consule
529 3377 794 3462 praetermiserim
826 3379 906 3444 mibi
937 3380 1024 3444 enim
1055 3384 1227 3464 perspecte
1293 3447 1294 3468 ,

338 3563 390 3634 Ep.
412 3570 452 3633 1⁷,
472 3571 496 3620 l.
516 3569 625 3626 aromate
642 3575 668 3626 et
685 3572 723 3627 ad
741 3573 782 3640 (1,
800 3573 892 3642 eolb.).
911 3588 937 3627 a.
957 3573 994 3628 ad
1011 3571 1087 3640 Mle,
1106 3571 1137 3626 Β.

1293 3691 1294 3726 l
