2608 3972
251 247 512 306 EPISTOLARUM
529 250 579 306 AD
598 249 804 307 ATTIOUMI.
825 257 866 306 16.
992 248 1035 314 27
1083 251 1088 260 ’

84 390 257 460 iidamnt.“
270 393 401 480 Magnis
407 395 602 462 elamoribus
612 395 751 460 aiiiiotus
758 394 915 460 conticuit
921 398 954 460 et
961 416 1035 460 con·

82 481 163 547 cidit
192 481 315 548 Noster
330 486 439 584 autem
453 486 557 584 status
574 486 624 548 est
634 483 700 549 hic:
721 483 809 568 apud
820 483 925 588 bonos
938 483 1035 548 iidem
1050 500 1075 541 ιι

79 571 1036 744 :ittutttttftuttttffltitffi

79 746 169 811 nobis
193 767 264 812 non
286 747 395 832 obest,
422 747 524 812 videri
548 751 698 813 nostrum
724 748 946 812 testimouium
967 767 1036 813 non

78 835 228 899 valuisse:
266 835 383 900 missus
410 839 461 900 est
487 837 620 922 sanguis
646 835 787 902 invidiae
819 836 888 900 sine
917 835 1035 920 dolore,
1093 835 1095 838 ’

78 927 172 1006 atque
195 923 296 987 eliam
323 923 386 988 hoo
412 925 529 1010 magis,
560 924 647 1008 quod
678 945 789 992 omnes
816 923 865 988 iili
891 923 1035 988 fautores

77 1010 161 1075 illius
184 1010 303 1096 flagicii
324 1032 394 1076 rem
416 1011 621 1080 manifestam
634 1013 724 1076 illam
744 1011 943 1096 redemptam
966 1031 1036 1074 esse

78 1099 271 1164 uindicibus
294 1099 502 1184 confitentum
525 1098 750 1183 acceditillud,
772 1099 859 1183 quod
881 1099 939 1164 illa
959 1119 1035 1164 oon·

78 1187 211 1252 cicnalis
234 1187 353 1252 hirudo
377 1189 504 1272 aerarii,
530 1189 648 1253 misera
670 1208 708 1251 ac
730 1188 838 1252 ieiuna
860 1187 1036 1272 plebecula,

78 1295 127 1338 me
140 1275 182 1340 ab
196 1274 262 1340 hoo
275 1274 399 1360 Magno
411 1277 505 1340 unice
520 1276 611 1362 dium·
623 1279 726 1361 putat
744 1279 778 1339 et
789 1275 919 1342 hercule
932 1275 1036 1340 multa

78 1365 110 1427 et
129 1363 273 1428 iucunda
295 1365 527 1429 consuetudine
541 1363 706 1430 coniuncti
727 1365 812 1428 inber
833 1385 894 1429 nos
915 1385 1037 1448 sumus,

79 1472 176 1535 usque
200 1473 254 1535 ao,
283 1455 322 1516 ut
343 1453 448 1517 nostri
469 1453 525 1517 isti
548 1453 772 1518 comissatores
795 1452 1036 1535 coniurationis,

78 1539 240 1604 barbatuli
254 1540 396 1624 iuvenes,
409 1541 501 1604 illum
514 1541 550 1605 in
563 1541 766 1606 sermonibus
780 1537 838 1605 On.
848 1537 1035 1605 Ciceronem

79 1628 254 1712 appellente
277 1628 387 1712 itaque
408 1628 538 1693 etludis
561 1631 594 1692 ot
617 1628 849 1714 gladiatoribus
871 1627 1035 1692 sonandas

80 1713 298 1800 ἐπισημασίας
311 1717 380 1782 sine
394 1717 461 1780 ulla
483 1717 657 1801 pastoricia
670 1717 780 1782 fistula
802 1716 1035 1781 auferebamus.

79 1801 172 1868 Nunc
196 1807 248 1868 est
270 1805 466 1889 exspectatio
490 1805 702 1888 comitiorum,
723 1805 758 1869 in
781 1825 863 1888 quae
885 1804 1035 1869 omnibus
1048 1817 1075 1859 1¹

78 1891 187 1957 invitis
209 1892 314 1956 trudit
335 1895 448 1957 noster
469 1891 608 1978 Magnus
634 1891 712 1957 Auli
738 1892 854 1976 filium,
881 1895 977 1975 atque
999 1891 1035 1954 in

79 2001 115 2044 eo
139 2001 246 2064 neque
269 1981 462 2046 auctoritate
484 2001 588 2064 neque
607 1981 713 2066 gratia
730 1983 864 2066 pugnat,
887 1979 943 2044 sed
966 1979 1035 2063 qui·

78 2067 136 2132 bus
153 2067 326 2152 Philippus
348 2069 458 2134 omnia
480 2069 613 2134 castella
635 2069 813 2154 expugnari
834 2089 930 2152 posse
953 2067 1035 2130 dice-

79 2155 146 2241 bat,
177 2155 214 2220 in
247 2177 329 2240 quae
360 2156 457 2222 modo
494 2157 611 2222 asellus
647 2160 783 2222 onustus
814 2176 893 2220 auro
925 2157 1036 2238 posset

79 2244 263 2328 ascendere3
290 2246 404 2309 consul
427 2248 535 2310 autem
557 2246 611 2310 ille
633 2245 654 2322 †
678 2244 845 2308 deterioris
867 2242 1035 2306 histrionis

79 2333 190 2397 similis
213 2333 394 2416 suscepisse
412 2334 580 2418 negotium
603 2332 720 2397 dicitur
733 2335 767 2396 et
780 2330 867 2395 domi
881 2329 1035 2394 divisores

79 2419 212 2504 habere,
236 2420 322 2504 quod
345 2440 407 2506 ego
430 2442 497 2486 nou
520 2421 624 2486 credo.
656 2419 719 2485 Sed
733 2422 865 2484 senatus
887 2419 1037 2484 consulta

78 2509 138 2574 duo
161 2510 229 2574 iam
252 2509 340 2574 facia
363 2513 439 2573 sunt
452 2509 572 2592 odiosa,
595 2508 681 2593 quod
703 2509 738 2574 in
760 2508 926 2572 consulem
946 2506 1036 2572 iacta

76 2601 244 2681 putantum,
267 2595 390 2662 Catone
413 2600 446 2661 et
468 2597 611 2662 Domitio
634 2597 835 2681 postulante,
861 2615 976 2678 unum,
997 2598 1036 2658 ut

77 2686 161 2769 apud
175 2685 388 2770 magistratus
401 2685 521 2770 inquiri
532 2686 652 2768 liceret,
674 2685 820 2767 alterum,
843 2684 933 2748 ouius
947 2681 1036 2748 (lomi

77 2772 233 2839 divisores
247 2772 442 2856 habitarent,
465 2773 617 2838 adversus
640 2793 708 2837 rem
730 2772 906 2857 publieam3
929 2769 1034 2836 lurco
1048 2783 1076 2825 1⁸

78 2863 187 2926 autem
218 2861 369 2925 tribunus
401 2862 457 2945 pl,
489 2861 546 2945 qui
576 2860 803 2946 magistratum
834 2860 930 2925 simul
962 2880 1035 2925 cum

77 2949 97 3028 †
119 2950 193 3034 lege
212 2948 308 3013 Aelia
329 2949 416 3032 iniit,
439 2949 565 3014 solutus
586 2951 637 3014 est
659 2952 692 3012 et
704 2947 798 3014 Aelia
818 2951 854 3012 et
875 2947 977 3030 Fufia,
998 2949 1037 3012 ut

145 3155 200 3226 Ep.
220 3163 262 3224 le,
283 3163 325 3212 11.
343 3173 427 3226 quom
442 3157 581 3226 reliquisti
597 3157 715 3227 (vulgo).
734 3185 767 3198 -
790 3173 815 3226 p.
834 3170 918 3226 aaron
934 3169 957 3208 r.
981 3153 1035 3208 Bu-

78 3226 177 3282 cheler.
193 3243 226 3282 co
250 3227 275 3294 ‘.,
288 3227 320 3282 B.
358 3233 399 3281 12.
419 3227 482 3294 dic,
499 3230 532 3281 iu
548 3227 820 3294 qaae...aeceudere;
837 3241 859 3280 e.
873 3224 988 3294 (vulgo).
1004 3224 1034 3277 st.

77 3295 119 3367 [ia
180 3311 238 3352 ace.
257 3316 268 3368 ,⁸
285 3311 308 3351 c.
318 3295 404 3365 Geel„
423 3296 454 3352 Β.
469 3327 503 3338 -
516 3295 733 3368 δευτερεύοντος
746 3299 890 3354 histrionis
904 3299 1035 3370 (Seyffert

77 3367 177 3437 conj.)?
189 3368 268 3433 -la,
286 3367 348 3422 orie.
365 3381 423 3422 rem
436 3383 467 3436 p.
485 3367 589 3434 facera-
606 3369 792 3439 Leucolwss
809 3369 845 3434 b,
863 3385 925 3424 esau.
937 3387 963 3425 a.
974 3387 996 3425 r.
1003 3389 1034 3440 p.

80 3439 168 3503 fucos
186 3439 276 3492 cidari
293 3437 352 3507 (ill
390 3444 432 3492 13.
449 3438 533 3493 amul
549 3455 611 3493 eron
628 3441 646 3504 †
664 3441 719 3509 leue
735 3439 818 3493 Aelia
833 3437 876 3507 (M
891 3445 905 3492 1
923 3441 1037 3496 insimul

78 3523 99 3562 e.
117 3508 135 3561 l.
153 3508 224 3576 alia)
244 3508 322 3577 iacit,
340 3522 362 3563 s.
381 3513 419 3562 eet
436 3513 461 3562 ct
478 3508 514 3562 A.
533 3510 608 3578 (W),
640 3525 661 3562 e.
681 3525 741 3563 oum
758 3511 795 3563 τῖε
812 3510 891 3578 iniit,
909 3525 930 3563 a
949 3515 989 3564 est
1006 3515 1032 3564 et

78 3577 132 3647 leuc
150 3579 186 3633 Δ.
207 3578 292 3647 (W.)?
327 3594 350 3634 e.
368 3593 429 3634 aem
446 3580 502 3648 leue
521 3581 555 3634 A.
573 3579 664 3642 sine†
682 3579 713 3632 B.
