2594 3976
234 238 493 295 EPISTOLARUM
511 239 561 294 AD
579 239 743 296 ATTICUM
761 241 822 296 XV.
841 247 919 296 2-4.
993 241 1057 306 547

96 386 243 470 tempus,
269 386 458 470 praesertim
481 407 579 470 quum
602 383 790 452 Marcellum
820 387 941 452 scribas
964 387 1058 452 alios·

98 495 162 558 que
186 473 361 539 discedere:
399 474 460 538 erit
481 475 581 562 igitur
602 475 696 540 nobis
727 495 835 541 eoram
858 476 1058 541 odorandum

98 567 134 627 et
147 562 419 648 constituendum,
439 564 544 628 tutine
558 563 681 630 Romae
695 585 763 628 esse
777 565 946 648 possimus.
972 562 1059 630 Novi

97 656 279 716 conventus
301 650 501 716 habitatores
524 673 601 717 sane
619 656 772 737 movent,
782 653 818 717 in
831 654 958 738 magnis
972 654 1059 718 enim

96 761 266 804 versamur
297 741 470 826 angustiis3
501 741 556 806 sed
588 744 666 806 sunt
694 742 758 806 ista
784 742 888 826 parvi:
920 742 999 826 quin
1026 745 1060 806 et

97 829 224 894 maiora
246 829 490 895 contemnimus.
519 828 636 896 Calvae
659 833 889 895 testamentum
912 830 1060 916 cognovi,

96 917 241 983 hominis
267 919 372 1004 turpis
399 939 437 982 ao
460 917 588 984 sordidi.
628 919 753 983 Tabula
775 918 945 992 Demonici
972 919 1059 1003 quod

96 1006 161 1070 tibi
183 1027 278 1072 curae
292 1010 350 1092 est,
373 1011 512 1093 gratum.
545 1003 595 1072 De
608 1008 630 1086 t
643 1009 729 1073 malo
743 1007 857 1092 scripsi
870 1007 1059 1092 iampridem

98 1095 141 1160 ad
156 1094 359 1160 Dolabellam
379 1096 626 1179 accuratissime,
648 1096 744 1162 modo
767 1096 909 1162 redditae
932 1096 1059 1161 litterae

99 1184 183 1248 sint:
207 1184 276 1249 eius
299 1205 397 1250 causa
419 1189 452 1249 et
475 1185 569 1269 cupio
592 1190 625 1249 et
648 1185 758 1251 debeo.
794 1183 900 1251 Venio
923 1185 965 1250 ad
986 1201 1086 1270 pro-²

98 1273 234 1357 piorem.
279 1271 426 1359 Cognovi
453 1273 492 1338 de
519 1273 690 1358 Alexione,
721 1295 802 1359 quae
830 1273 1067 1339 desiderabam·

98 1361 229 1427 Hirtius
243 1367 293 1426 est
306 1365 390 1428 tuus.
422 1361 576 1446 Antonio,
594 1363 782 1447 tquoniam
796 1366 854 1447 est,
876 1364 951 1428 volo
968 1365 1060 1448 peius

98 1471 180 1516 esse.
224 1450 275 1516 De
298 1450 334 1527 Q.
357 1451 437 1535 filio,
467 1456 505 1516 ut
535 1452 662 1536 scribis,
693 1451 733 1516 A.
755 1451 799 1516 M.
822 1450 870 1535 0.;
902 1452 940 1516 de
966 1455 1060 1536 patre

99 1561 210 1604 coram
227 1559 367 1628 agemus.
394 1540 533 1606 Brutum
547 1542 634 1606 omni
649 1561 693 1624 re,
716 1561 780 1626 que
802 1561 943 1626 possum,
965 1541 1059 1625 cupio

98 1630 220 1713 iuvare,
243 1629 333 1694 cuins
356 1629 396 1694 de
418 1630 620 1695 oratiuncula
641 1630 726 1694 idem
742 1634 784 1713 te,
805 1630 893 1716 quod
906 1651 966 1715 me,
989 1650 1059 1694 sen·

98 1719 163 1781 tire
185 1718 292 1800 video;
314 1718 370 1783 sed
392 1739 506 1802 parum
529 1719 686 1804 intelligo,
708 1719 785 1805 quid
807 1740 858 1783 me
881 1719 1059 1784 velisscri·

98 1807 176 1870 bere
200 1809 291 1890 quasi
314 1828 334 1871 a
355 1806 457 1872 Bruto
479 1807 624 1873 habitam
654 1805 847 1890 orationem,
879 1828 978 1892 quum
1005 1809 1059 1872 ille

99 1893 248 1960 ediderit:
272 1896 328 1980 qui
349 1896 480 1960 tandem
503 1896 677 1961 convenit?
700 1917 743 1960 an
757 1897 812 1978 sic,
834 1897 927 1960 utin
949 1901 1058 1980 tyran·

99 2005 180 2048 num
207 1985 276 2048 iure
303 1985 425 2068 optimo
454 1985 603 2050 caesum?
634 1985 737 2050 multa
766 1984 925 2068 dicentur,
956 1983 1059 2048 multa

99 2072 284 2138 scribentur
306 2094 326 2137 a
347 2073 458 2157 nobie,
480 2072 536 2138 sed
559 2074 622 2138 alio
644 2072 741 2138 modo
765 2074 798 2136 et
819 2075 974 2156 tempore.
1009 2071 1059 2136 De

99 2161 181 2226 sella
204 2159 364 2245 (laeseris,
386 2163 468 2228 bene
497 2161 633 2246 tribuni3
665 2161 847 2247 praeclaros
870 2160 968 2225 etiam
989 2177 1059 2224 xiv.

100 2248 243 2314 ordines!
285 2247 423 2316 Brutum
446 2250 532 2334 apud
555 2271 606 2314 me
628 2249 728 2315 fuisse
751 2249 885 2335 gaudeo,
907 2248 1003 2315 modo
1027 2254 1059 2313 et

100 2338 242 2404 libenter
264 2339 362 2404 fuerit
384 2343 417 2405 et
439 2344 490 2404 sat
512 2338 576 2404 diu.

551 2532 609 2600 IV.

134 2653 192 2710 Scr.
212 2652 251 2724 (in
269 2653 406 2724 unciaru)
426 2669 450 2710 a.
469 2655 496 2708 d.
515 2653 549 2714 X.
568 2654 709 2710 Kalendas
727 2670 821 2710 rumas
840 2671 864 2712 a.
883 2674 910 2711 u.
929 2671 952 2711 o.
973 2661 1033 2710 710.

371 2759 519 2816 CICERO
536 2760 687 2816 ATTICO
705 2760 788 2817 SAL.

168 2869 427 2936 x.K.borovl11.
450 2870 517 2936 fere
540 2891 560 2934 a
582 2869 619 2946 Q.
633 2869 726 2935 Fufio
749 2871 838 2936 venit
859 2868 1086 2952 tabellarius31

100 2959 210 3024 nescio
233 2959 310 3045 quid
332 2959 373 3024 ab
397 2980 435 3024 eo
458 2959 684 3043 litterularum,
706 2958 756 3024 uti
772 2979 823 3024 me
838 2957 898 3024 sibi
912 2956 1058 3021 restitue-

98 3069 183 3112 rem:
207 3069 285 3112 sane
307 3049 437 3133 insulse,
460 3053 497 3113 ut
520 3049 610 3130 solet,
633 3048 697 3112 nisi
719 3047 813 3131 forte,
836 3047 969 3132 †quem
990 3066 1059 3110 non

172 3239 224 3312 Ep.
243 3247 269 3308 8,
289 3247 313 3295 1.
332 3241 420 3294 turim
433 3239 504 3310 (vc).
524 3243 616 3294 tatone
629 3239 722 3310 vulgo.
743 3269 775 3279 -
793 3238 841 3293 aed
853 3242 918 3292 earet
931 3237 986 3291 ista
1004 3235 1057 3304 (a,

99 3311 118 3366 l.
132 3329 188 3382 mg.
206 3313 293 3380 1684).
311 3312 358 3366 aed
374 3311 401 3366 ci
417 3312 436 3364 ι’.
455 3309 510 3364 ΜΙ.
528 3311 576 3365 aed
587 3310 656 3364 siri.
670 3321 703 3378 ψ.
728 3309 832 3364 Aneed
845 3309 863 3363 ι’.
883 3305 942 3376 (Or.
957 3307 1057 3376 conj.)?

98 3383 176 3438 asie.
191 3381 375 3452 Peerlkamp,
394 3381 425 3436 B.
444 3410 477 3419 -
496 3380 541 3435 De
553 3381 647 3436 Matio
661 3379 799 3450 (Mutet.)?
817 3377 861 3434 Dc
872 3379 969 3433 Mario
985 3379 1057 3448 (m.)?

100 3459 124 3508 2.
153 3454 320 3523 Maeuiam
342 3457 381 3508 est
403 3449 551 3521 (MRIac.).
579 3468 661 3520 quom
684 3452 740 3506 tom
763 3455 801 3505 cot
823 3448 881 3518 (Or.
900 3447 983 3518 conj.)
1008 3451 1058 3503 ant

98 3541 181 3593 quam
198 3529 237 3578 cst
255 3523 340 3590 (Pius,
359 3522 401 3594 B.)
421 3524 472 3576 aut
488 3522 618 3592 quoniam
635 3523 705 3577 male
723 3519 859 3590 (Alanus).
877 3550 913 3562 -
935 3519 1057 3577 habitam

98 3595 248 3650 orationem
266 3592 379 3664 (biron).
401 3593 497 3648 tabita
515 3593 638 3648 oratione
655 3593 748 3662 vulgo.
785 3592 835 3662 Ep.
855 3597 882 3660 4,
901 3599 925 3646 1.
943 3595 962 3659 †
979 3607 1056 3661 qaeu

840 3680 896 3734 35*
