2510 3958
244 181 311 246 232
530 182 567 236 u.
587 158 711 238 romu
729 165 918 238 crccnour's

245 324 352 410 Curio,
370 327 422 390 eui
435 346 496 411 ego
511 326 625 410 scripsi
636 327 698 392 libi
711 349 785 392 eum
798 328 1019 412 gratissimum
1031 329 1202 396 facturum

244 413 332 480 Data
353 433 386 478 v.
409 413 487 480 Idus
509 413 677 480 Decembr.
699 437 720 478 a
741 415 859 482 Pontio
882 437 921 481 ex
942 416 1139 484 Trebulano.

694 609 752 676 IV.

281 728 339 784 Sor.
356 729 449 784 medio
466 745 563 785 menae
579 728 727 786 Decembri
745 732 820 801 (port
836 732 897 786 IIII.
916 731 967 799 Id)
985 749 1011 786 a
1025 749 1052 786 u
1067 748 1091 786 c.
1108 739 1167 787 ⁷04.

533 834 662 891 CICERO
679 835 813 892 ATTICO
833 835 908 892 SAL.

217 963 230 1003 1
310 941 504 1029 Dionysium
529 943 723 1030 flagrantem
746 945 902 1011 desiderio
927 945 978 1011 lui
999 946 1074 1011 misi
1096 947 1139 1010 ad
1161 950 1198 1031 le,

243 1054 305 1098 nec
326 1033 507 1100 mehercule
530 1055 633 1118 aequo
651 1033 770 1119 animo,
792 1034 848 1098 sed
870 1035 934 1098 fuit
947 1033 1197 1118 concedendum3

245 1141 341 1206 quem
362 1122 491 1206 quidem
509 1121 648 1208 cognovi
669 1143 770 1206 quum
782 1120 922 1207 dochum,
944 1123 1030 1207 quod
1042 1123 1125 1188 mihi
1137 1124 1197 1188 iam

244 1212 321 1282 ante
335 1213 404 1274 erat
416 1213 540 1294 nohum,
560 1214 631 1276 tum
645 1232 729 1290 saue¹
745 1211 878 1296 plenum
892 1211 999 1294 officii,
1021 1211 1196 1277 studiosum

244 1299 343 1363 eliam
364 1319 454 1362 meae
476 1299 591 1383 laudis,
618 1299 707 1385 frugi
727 1299 892 1364 hominem
914 1321 965 1383 ac,
986 1321 1029 1364 ne
1050 1305 1087 1364 ut
1106 1301 1195 1364 liber·

217 1387 351 1452 aunum
372 1386 503 1451 laudare
525 1387 647 1471 ridear,
678 1387 775 1472 plane
801 1389 905 1453 virum
931 1389 1063 1453 bonum.
1106 1387 1194 1453 Pom·

243 1476 352 1560 peium
373 1475 440 1539 ridi
461 1493 521 1540 1111.
543 1475 621 1540 Idus
643 1475 851 1561 Decembrem
872 1477 993 1541 fuimus
1015 1498 1082 1542 una
1102 1476 1194 1541 horas

244 1563 324 1629 duaa
345 1563 492 1630 fortasse.
536 1563 659 1650 Magna
680 1565 805 1630 laetitia
830 1565 911 1629 mihi
932 1565 1020 1630 visus
1044 1569 1094 1630 est
1115 1565 1193 1630 affici

243 1670 316 1740 meo
330 1652 484 1718 adventu:
508 1653 547 1718 de
564 1653 730 1738 triumpho
751 1653 885 1741 homeri,
908 1654 1068 1738 suscipere
1091 1657 1192 1738 parics

244 1762 329 1825 suas,
350 1740 490 1825 monere,
511 1763 553 1806 ne
572 1743 648 1806 ante
666 1743 868 1807 incenatum
890 1735 1192 1827 accederenisfsd'o‘in

242 1850 312 1893 rem
334 1829 552 1914 confecissem,
574 1852 616 1895 ne
639 1829 782 1895 dicendis
800 1829 968 1896 sententiis
982 1830 1122 1915 aliquem
1143 1829 1191 1896 tri·

243 1917 368 1982 bunum
390 1917 575 1983 alienarem:
605 1917 682 2002 quid
705 1919 854 2003 quaeris?
884 1920 921 1984 in
941 1920 1004 2002 hoc
1025 1919 1144 1986 iudicio
1164 1922 1192 1984 el

244 2005 351 2071 officio
374 2007 531 2072 sermonis
552 2007 636 2071 nihil
662 2008 773 2092 'potuit
794 2029 863 2072 osee
884 2009 1049 2096 proh'riua.
1094 2007 1142 2074 De
1161 2029 1190 2071 re

242 2095 373 2179 publiea
399 2099 508 2161 autem
534 2093 582 2160 ita
608 2117 733 2160 mecum
763 2097 890 2161 loculus
918 2101 981 2181 est,
1013 2099 1108 2182 quasi
1131 2117 1190 2161 non

243 2182 377 2248 dubium
398 2184 519 2249 bellum
547 2184 750 2249 haberemus:
786 2185 870 2251 nihil
892 2185 934 2250 ad
956 2207 1046 2274 spem
1070 2207 1189 2252 concor-

243 2272 328 2356 dine3
359 2273 456 2356 plane
485 2271 578 2338 illum
605 2294 625 2337 a
652 2294 686 2338 se
713 2273 889 2338 alienatum
915 2296 1015 2362 quum
1047 2278 1123 2350 ante
1149 2275 1189 2337 in·

243 2361 412 2446 telligeret‚
433 2363 504 2426 hum
525 2362 769 2446 vero‘proxime
791 2362 963 2426 iudicasse:
985 2363 1112 2430 venisse
1125 2361 1189 2426 Hir·

242 2447 325 2512 lium
348 2445 527 2534 aansare,
549 2449 605 2534 qui
626 2453 711 2514 essel
732 2450 780 2514 illi
800 2450 1080 2536 familiarissimus,
1102 2451 1141 2518 ad
1162 2471 1189 2513 se

243 2557 312 2600 non
333 2537 517 2622 accessisse,
549 2541 594 2621 eh,
626 2559 725 2622 quum
755 2538 810 2604 ille
837 2560 867 2605 a.
888 2538 917 2603 d.
939 2557 1009 2604 vm.
1031 2539 1110 2605 Idus
1135 2538 1189 2603 De

243 2624 360 2688 cembr.
382 2626 508 2710 vesperi
529 2626 684 2711 venissel,
715 2625 836 2691 Balbus
864 2627 903 2692 de
931 2630 1002 2693 tota
1024 2650 1060 2693 re
1083 2626 1189 2694 concli-

241 2711 358 2777 tuisseh
384 2735 412 2777 a.
435 2713 465 2778 d.
486 2731 543 2779 vn.
567 2714 608 2778 ad
638 2713 821 2800 Scipionem
848 2717 924 2780 ante
950 2717 1056 2782 lucem
1082 2717 1189 2796 venire,

242 2802 345 2866 multa
367 2801 406 2865 de
428 2799 524 2867 nocte
553 2824 627 2867 eum
653 2803 834 2888 profectum
860 2825 930 2869 esse
957 2805 998 2869 ad
1021 2803 1188 2870 Gaesarem.

241 2889 315 2955 Hoe
345 2890 394 2955 illi
430 2891 651 2975 τεκμηριῶδες
684 2891 853 2957 ridebatur
884 2913 954 2957 esse
985 2891 1187 2958 alienationis.

216 2978 328 3055 ⁸de
349 2978 475 3044 multa?
505 2979 589 3044 nihil
610 3001 662 3044 me
685 2979 773 3044 aliud
795 2981 995 3064 consolatur,
1026 2981 1091 3046 nisi
1112 2977 1186 3066 quod

242 3067 348 3152 illum,
380 3067 432 3133 cui
454 3067 551 3132 eliam
578 3067 700 3133 inimici
728 3069 865 3134 alierum
888 3070 1103 3155 consulatum,
1132 3069 1185 3134 for·

242 3159 324 3220 tuna
346 3177 503 3222 summam
525 3156 857 3241 potandumdederit„
878 3178 947 3222 non
969 3158 1107 3224 arbitror
1125 3157 1183 3222 fore

313 3383 366 3453 Ep.
385 3389 411 3452 4,
431 3391 454 3439 1.
477 3401 512 3440 ne
529 3389 561 3438 ut
579 3385 626 3440 zio.
644 3400 669 3454 q.
689 3384 847 3454 (Bouhier).
873 3385 933 3441 Om.
952 3391 985 3441 ut
1002 3387 1095 3458 vulgo.
1114 3411 1143 3425 -
1157 3382 1182 3436 io

243 3451 520 3592 ssoffiiufficggvitgoff
539 3455 592 3524 (h,
609 3451 694 3524 lael).
716 3457 748 3510 in
764 3457 814 3510 hoo
830 3456 876 3524 off,
895 3456 1006 3512 ΜΒΙΒ,
1044 3463 1068 3513 2.
1086 3455 1182 3512 ornum
