<?xml version="1.0" encoding="UTF-8"?>
<!DOCTYPE html PUBLIC "-//W3C//DTD XHTML 1.0 Transitional//EN"
    "http://www.w3.org/TR/xhtml1/DTD/xhtml1-transitional.dtd">
<html xmlns="http://www.w3.org/1999/xhtml" xml:lang="en" lang="en">
 <head>
  <title>
</title>
<meta http-equiv="Content-Type" content="text/html;charset=utf-8" />
  <meta name='ocr-system' content='tesseract 3.04.00' />
  <meta name='ocr-capabilities' content='ocr_page ocr_carea ocr_par ocr_line ocrx_word'/>
</head>
<body>
  <div class='ocr_page' id='page_1' title='image "./epistolae01wesegoog_0146.png"; bbox 0 0 2590 3964; ppageno 0'>
   <div class='ocr_carea' id='block_1_1' title="bbox 235 184 908 249">
    <p class='ocr_par' dir='ltr' id='par_1_1' title="bbox 235 184 908 249">
     <span class='ocr_line' id='line_1_1' title="bbox 235 184 908 249; baseline -0.013 0"><span class='ocrx_word' id='word_1_1' title='bbox 235 185 300 249; x_wconf 80' lang='grc'><strong>136</strong></span> <span class='ocrx_word' id='word_1_2' title='bbox 517 186 556 242; x_wconf 73' lang='lat'><em>1</em></span> <span class='ocrx_word' id='word_1_3' title='bbox 573 185 698 242; x_wconf 79' lang='lat' dir='ltr'>TULLII</span> <span class='ocrx_word' id='word_1_4' title='bbox 715 184 908 242; x_wconf 75' lang='lat' dir='ltr'>CICERONIS</span> 
     </span>
    </p>
   </div>
   <div class='ocr_carea' id='block_1_2' title="bbox 232 329 1202 946">
    <p class='ocr_par' dir='ltr' id='par_1_2' title="bbox 232 329 1202 946">
     <span class='ocr_line' id='line_1_2' title="bbox 232 329 1202 416; baseline 0.001 -21"><span class='ocrx_word' id='word_1_5' title='bbox 232 329 380 396; x_wconf 68' lang='lat' dir='ltr'><strong>rosham</strong></span> <span class='ocrx_word' id='word_1_6' title='bbox 403 331 541 416; x_wconf 76' lang='lat' dir='ltr'><strong>gloriam</strong></span> <span class='ocrx_word' id='word_1_7' title='bbox 563 331 862 396; x_wconf 88' lang='lat' dir='ltr'><strong>commendaturum</strong></span> <span class='ocrx_word' id='word_1_8' title='bbox 883 335 918 396; x_wconf 89' lang='lat' dir='ltr'><strong>et</strong></span> <span class='ocrx_word' id='word_1_9' title='bbox 939 331 1118 396; x_wconf 81' lang='lat' dir='ltr'><strong>aedificium</strong></span> <span class='ocrx_word' id='word_1_10' title='bbox 1131 352 1202 396; x_wconf 79' lang='lat' dir='ltr'><strong>no·</strong></span> 
     </span>
     <span class='ocr_line' id='line_1_3' title="bbox 234 419 1200 504; baseline 0 -21"><span class='ocrx_word' id='word_1_11' title='bbox 234 423 337 483; x_wconf 89' lang='lat' dir='ltr'><strong>strum</strong></span> <span class='ocrx_word' id='word_1_12' title='bbox 366 419 454 502; x_wconf 90' lang='lat' dir='ltr'><strong>quod</strong></span> <span class='ocrx_word' id='word_1_13' title='bbox 480 419 592 484; x_wconf 89' lang='lat' dir='ltr'><strong>crebro</strong></span> <span class='ocrx_word' id='word_1_14' title='bbox 618 419 746 503; x_wconf 81' lang='lat' dir='ltr'><strong>invisis,</strong></span> <span class='ocrx_word' id='word_1_15' title='bbox 775 423 914 504; x_wconf 81' lang='lat' dir='ltr'><strong>gratum</strong></span> <span class='ocrx_word' id='word_1_16' title='bbox 958 419 996 495; x_wconf 82' lang='lat' dir='ltr'><strong>Q.</strong></span> <span class='ocrx_word' id='word_1_17' title='bbox 1021 420 1122 484; x_wconf 80' lang='lat' dir='ltr'><strong>freter</strong></span> <span class='ocrx_word' id='word_1_18' title='bbox 1147 419 1200 483; x_wconf 78' lang='lat' dir='ltr'><strong>ad</strong></span> 
     </span>
     <span class='ocr_line' id='line_1_4' title="bbox 233 505 1198 592; baseline 0.002 -22"><span class='ocrx_word' id='word_1_19' title='bbox 233 527 285 570; x_wconf 85' lang='lat' dir='ltr'><strong>me</strong></span> <span class='ocrx_word' id='word_1_20' title='bbox 317 506 448 590; x_wconf 78' lang='lat' dir='ltr'><strong>scripsit</strong></span> <span class='ocrx_word' id='word_1_21' title='bbox 478 529 526 591; x_wconf 88' lang='lat' dir='ltr'><strong>sc,</strong></span> <span class='ocrx_word' id='word_1_22' title='bbox 560 509 715 592; x_wconf 86' lang='lat' dir='ltr'><strong>quoniam</strong></span> <span class='ocrx_word' id='word_1_23' title='bbox 745 505 934 572; x_wconf 74' lang='lat' dir='ltr'>Ciceronem</span> <span class='ocrx_word' id='word_1_24' title='bbox 965 508 1198 572; x_wconf 73' lang='lat' dir='ltr'><strong>sucvmsimum</strong></span> 
     </span>
     <span class='ocr_line' id='line_1_5' title="bbox 233 594 1201 680; baseline 0.001 -21"><span class='ocrx_word' id='word_1_25' title='bbox 233 599 341 660; x_wconf 83' lang='lat' dir='ltr'><strong>tecum</strong></span> <span class='ocrx_word' id='word_1_26' title='bbox 362 594 508 679; x_wconf 76' lang='lat' dir='ltr'><strong>haberes,</strong></span> <span class='ocrx_word' id='word_1_27' title='bbox 529 595 571 660; x_wconf 79' lang='lat' dir='ltr'><strong>ad</strong></span> <span class='ocrx_word' id='word_1_28' title='bbox 592 600 626 660; x_wconf 86' lang='lat' dir='ltr'><strong>te</strong></span> <span class='ocrx_word' id='word_1_29' title='bbox 647 595 753 660; x_wconf 86' lang='lat' dir='ltr'><strong>Nonis</strong></span> <span class='ocrx_word' id='word_1_30' title='bbox 775 595 871 660; x_wconf 79' lang='lat' dir='ltr'><strong>Maiis</strong></span> <span class='ocrx_word' id='word_1_31' title='bbox 893 599 1072 660; x_wconf 83' lang='lat' dir='ltr'><strong>venturum</strong></span> <span class='ocrx_word' id='word_1_32' title='bbox 1115 594 1201 680; x_wconf 77' lang='lat' dir='ltr'><strong>Ego</strong></span> 
     </span>
     <span class='ocr_line' id='line_1_6' title="bbox 233 681 1199 748; baseline 0 -1"><span class='ocrx_word' id='word_1_33' title='bbox 233 704 285 747; x_wconf 89' lang='lat' dir='ltr'><strong>me</strong></span> <span class='ocrx_word' id='word_1_34' title='bbox 308 681 348 747; x_wconf 89' lang='lat' dir='ltr'><strong>de</strong></span> <span class='ocrx_word' id='word_1_35' title='bbox 370 681 517 748; x_wconf 82' lang='lat' dir='ltr'><strong>Cumano</strong></span> <span class='ocrx_word' id='word_1_36' title='bbox 539 685 627 748; x_wconf 80' lang='lat' dir='ltr'><strong>movi</strong></span> <span class='ocrx_word' id='word_1_37' title='bbox 649 688 726 748; x_wconf 85' lang='lat' dir='ltr'><strong>ante</strong></span> <span class='ocrx_word' id='word_1_38' title='bbox 748 684 833 748; x_wconf 88' lang='lat' dir='ltr'><strong>diem</strong></span> <span class='ocrx_word' id='word_1_39' title='bbox 853 701 887 748; x_wconf 84' lang='lat' dir='ltr'><strong>v.</strong></span> <span class='ocrx_word' id='word_1_40' title='bbox 908 683 981 748; x_wconf 77' lang='lat' dir='ltr'><strong>Kal,</strong></span> <span class='ocrx_word' id='word_1_41' title='bbox 1002 683 1121 748; x_wconf 68' lang='lat' dir='ltr'><strong>binim:</strong></span> <span class='ocrx_word' id='word_1_42' title='bbox 1150 705 1199 747; x_wconf 88' lang='lat' dir='ltr'><strong>eo</strong></span> 
     </span>
     <span class='ocr_line' id='line_1_7' title="bbox 234 769 1199 856; baseline -0.001 -21"><span class='ocrx_word' id='word_1_43' title='bbox 234 771 285 835; x_wconf 89' lang='lat' dir='ltr'><strong>die</strong></span> <span class='ocrx_word' id='word_1_44' title='bbox 313 769 453 855; x_wconf 76' lang='lat' dir='ltr'><strong>Neapoli</strong></span> <span class='ocrx_word' id='word_1_45' title='bbox 480 771 573 856; x_wconf 28' lang='lat' dir='ltr'><strong>‘apud</strong></span> <span class='ocrx_word' id='word_1_46' title='bbox 604 771 749 836; x_wconf 79' lang='lat' dir='ltr'><strong>Paetum</strong></span> <span class='ocrx_word' id='word_1_47' title='bbox 791 771 879 836; x_wconf 81' lang='lat' dir='ltr'><strong>Ante</strong></span> <span class='ocrx_word' id='word_1_48' title='bbox 910 772 996 837; x_wconf 90' lang='lat' dir='ltr'><strong>diem</strong></span> <span class='ocrx_word' id='word_1_49' title='bbox 1025 789 1085 836; x_wconf 75' lang='lat' dir='ltr'><strong>ma</strong></span> <span class='ocrx_word' id='word_1_50' title='bbox 1116 770 1199 835; x_wconf 84' lang='lat' dir='ltr'><strong>Kal.</strong></span> 
     </span>
     <span class='ocr_line' id='line_1_8' title="bbox 232 858 1198 946; baseline -0.002 -22"><span class='ocrx_word' id='word_1_51' title='bbox 232 858 338 924; x_wconf 81' lang='lat' dir='ltr'><strong>Maias</strong></span> <span class='ocrx_word' id='word_1_52' title='bbox 359 860 431 924; x_wconf 88' lang='lat' dir='ltr'><strong>iens</strong></span> <span class='ocrx_word' id='word_1_53' title='bbox 446 859 730 946; x_wconf 88' lang='lat' dir='ltr'><strong>inPompeianum</strong></span> <span class='ocrx_word' id='word_1_54' title='bbox 751 861 834 925; x_wconf 87' lang='lat' dir='ltr'><strong>bene</strong></span> <span class='ocrx_word' id='word_1_55' title='bbox 847 881 943 926; x_wconf 80' lang='lat' dir='ltr'><strong>mene</strong></span> <span class='ocrx_word' id='word_1_56' title='bbox 964 859 1045 926; x_wconf 81' lang='lat' dir='ltr'><strong>baec</strong></span> <span class='ocrx_word' id='word_1_57' title='bbox 1068 859 1198 944; x_wconf 77' lang='lat' dir='ltr'><strong>scripsi.</strong></span> 
     </span>
    </p>
   </div>
   <div class='ocr_carea' id='block_1_3' title="bbox 694 1123 735 1190">
    <p class='ocr_par' dir='ltr' id='par_1_3' title="bbox 694 1123 735 1190">
     <span class='ocr_line' id='line_1_9' title="bbox 694 1123 735 1190; baseline 0 0"><span class='ocrx_word' id='word_1_58' title='bbox 694 1123 735 1190; x_wconf 84' lang='lat' dir='ltr'><strong>X.</strong></span> 
     </span>
    </p>
   </div>
   <div class='ocr_carea' id='block_1_4' title="bbox 313 1243 1108 1408">
    <p class='ocr_par' dir='ltr' id='par_1_4' title="bbox 313 1243 1108 1408">
     <span class='ocr_line' id='line_1_10' title="bbox 313 1243 1108 1301; baseline -0.001 -1"><span class='ocrx_word' id='word_1_59' title='bbox 313 1243 370 1301; x_wconf 80' lang='lat' dir='ltr'><strong>Sor.</strong></span> <span class='ocrx_word' id='word_1_60' title='bbox 387 1243 418 1300; x_wconf 84' lang='lat' dir='ltr'><strong>in</strong></span> <span class='ocrx_word' id='word_1_61' title='bbox 436 1245 561 1300; x_wconf 78' lang='lat' dir='ltr'><strong>Cumano</strong></span> <span class='ocrx_word' id='word_1_62' title='bbox 578 1245 626 1300; x_wconf 85' lang='lat' dir='ltr'><strong>IX.</strong></span> <span class='ocrx_word' id='word_1_63' title='bbox 645 1245 788 1301; x_wconf 82' lang='lat' dir='ltr'><strong>Kalendas</strong></span> <span class='ocrx_word' id='word_1_64' title='bbox 805 1245 896 1300; x_wconf 84' lang='lat' dir='ltr'><strong>llaias</strong></span> <span class='ocrx_word' id='word_1_65' title='bbox 914 1263 940 1300; x_wconf 79' lang='lat' dir='ltr'><strong>a</strong></span> <span class='ocrx_word' id='word_1_66' title='bbox 958 1263 986 1301; x_wconf 81' lang='lat' dir='ltr'><strong>u</strong></span> <span class='ocrx_word' id='word_1_67' title='bbox 1003 1261 1028 1301; x_wconf 73' lang='lat' dir='ltr'><strong>c</strong></span> <span class='ocrx_word' id='word_1_68' title='bbox 1048 1249 1108 1300; x_wconf 79' lang='grc'>699.</span> 
     </span>
     <span class='ocr_line' id='line_1_11' title="bbox 505 1349 924 1408; baseline 0.005 -2"><span class='ocrx_word' id='word_1_69' title='bbox 505 1349 655 1406; x_wconf 76' lang='lat' dir='ltr'><strong><em>CICERO</em></strong></span> <span class='ocrx_word' id='word_1_70' title='bbox 671 1350 823 1406; x_wconf 74' lang='lat' dir='ltr'><strong>Afflco</strong></span> <span class='ocrx_word' id='word_1_71' title='bbox 840 1351 924 1408; x_wconf 79' lang='lat' dir='ltr'><strong>SAL.</strong></span> 
     </span>
    </p>
   </div>
   <div class='ocr_carea' id='block_1_5' title="bbox 205 1457 1195 3042">
    <p class='ocr_par' dir='ltr' id='par_1_5' title="bbox 207 1457 1195 2406">
     <span class='ocr_line' id='line_1_12' title="bbox 207 1457 1195 1546; baseline -0.001 -23"><span class='ocrx_word' id='word_1_72' title='bbox 207 1474 221 1513; x_wconf 85' lang='lat'>¹</span> <span class='ocrx_word' id='word_1_73' title='bbox 298 1457 443 1524; x_wconf 75' lang='lat' dir='ltr'><strong>Puteolis</strong></span> <span class='ocrx_word' id='word_1_74' title='bbox 465 1479 604 1546; x_wconf 77' lang='lat' dir='ltr'><strong>mugnus</strong></span> <span class='ocrx_word' id='word_1_75' title='bbox 626 1463 677 1524; x_wconf 89' lang='lat' dir='ltr'><strong>est</strong></span> <span class='ocrx_word' id='word_1_76' title='bbox 696 1481 808 1524; x_wconf 87' lang='lat' dir='ltr'><strong>rumor</strong></span> <span class='ocrx_word' id='word_1_77' title='bbox 819 1459 1041 1525; x_wconf 77' lang='lat' dir='ltr'><strong>Ptolemaeum</strong></span> <span class='ocrx_word' id='word_1_78' title='bbox 1063 1479 1132 1524; x_wconf 89' lang='lat' dir='ltr'><strong>esse</strong></span> <span class='ocrx_word' id='word_1_79' title='bbox 1153 1459 1195 1522; x_wconf 88' lang='lat' dir='ltr'><strong>in</strong></span> 
     </span>
     <span class='ocr_line' id='line_1_13' title="bbox 233 1547 1194 1632; baseline 0.001 -22"><span class='ocrx_word' id='word_1_80' title='bbox 233 1567 350 1632; x_wconf 85' lang='lat' dir='ltr'><strong>regno:</strong></span> <span class='ocrx_word' id='word_1_81' title='bbox 373 1547 402 1612; x_wconf 86' lang='lat' dir='ltr'><strong>si</strong></span> <span class='ocrx_word' id='word_1_82' title='bbox 424 1547 502 1632; x_wconf 90' lang='lat' dir='ltr'><strong>quid</strong></span> <span class='ocrx_word' id='word_1_83' title='bbox 522 1547 624 1612; x_wconf 78' lang='lat' dir='ltr'><strong>hebes</strong></span> <span class='ocrx_word' id='word_1_84' title='bbox 647 1548 774 1632; x_wconf 88' lang='lat' dir='ltr'><strong>certius,</strong></span> <span class='ocrx_word' id='word_1_85' title='bbox 795 1547 893 1612; x_wconf 85' lang='lat' dir='ltr'><strong>velim</strong></span> <span class='ocrx_word' id='word_1_86' title='bbox 915 1548 1004 1612; x_wconf 91' lang='lat' dir='ltr'><strong>scire.</strong></span> <span class='ocrx_word' id='word_1_87' title='bbox 1039 1547 1113 1632; x_wconf 82' lang='lat' dir='ltr'><strong>Ego</strong></span> <span class='ocrx_word' id='word_1_88' title='bbox 1136 1547 1194 1611; x_wconf 91' lang='lat' dir='ltr'><strong>hic</strong></span> 
     </span>
     <span class='ocr_line' id='line_1_14' title="bbox 232 1634 1193 1720; baseline -0.001 -20"><span class='ocrx_word' id='word_1_89' title='bbox 232 1657 348 1719; x_wconf 81' lang='lat' dir='ltr'><strong>pascor</strong></span> <span class='ocrx_word' id='word_1_90' title='bbox 369 1635 566 1700; x_wconf 73' lang='lat' dir='ltr'><strong>bibliotheca</strong></span> <span class='ocrx_word' id='word_1_91' title='bbox 587 1634 714 1718; x_wconf 79' lang='lat' dir='ltr'><strong>Fausti3</strong></span> <span class='ocrx_word' id='word_1_92' title='bbox 743 1635 883 1701; x_wconf 80' lang='lat' dir='ltr'><strong>fortusse</strong></span> <span class='ocrx_word' id='word_1_93' title='bbox 904 1640 942 1700; x_wconf 87' lang='lat' dir='ltr'><strong>tu</strong></span> <span class='ocrx_word' id='word_1_94' title='bbox 963 1639 1110 1720; x_wconf 85' lang='lat' dir='ltr'><strong>putaras,</strong></span> <span class='ocrx_word' id='word_1_95' title='bbox 1137 1635 1193 1699; x_wconf 92' lang='lat' dir='ltr'><strong>his</strong></span> 
     </span>
     <span class='ocr_line' id='line_1_15' title="bbox 232 1722 1192 1808; baseline 0.001 -22"><span class='ocrx_word' id='word_1_96' title='bbox 232 1723 329 1788; x_wconf 85' lang='lat' dir='ltr'><strong>rebus</strong></span> <span class='ocrx_word' id='word_1_97' title='bbox 350 1722 538 1790; x_wconf 76' lang='lat' dir='ltr'><strong>Puteolanis</strong></span> <span class='ocrx_word' id='word_1_98' title='bbox 561 1727 595 1788; x_wconf 90' lang='lat' dir='ltr'><strong>ct</strong></span> <span class='ocrx_word' id='word_1_99' title='bbox 615 1722 879 1790; x_wconf 83' lang='lat' dir='ltr'><strong>Lucrinensibus:</strong></span> <span class='ocrx_word' id='word_1_100' title='bbox 909 1745 951 1788; x_wconf 89' lang='lat' dir='ltr'><strong>ue</strong></span> <span class='ocrx_word' id='word_1_101' title='bbox 973 1725 1037 1788; x_wconf 84' lang='lat' dir='ltr'><strong>ista</strong></span> <span class='ocrx_word' id='word_1_102' title='bbox 1058 1723 1192 1808; x_wconf 89' lang='lat' dir='ltr'><strong>quidem</strong></span> 
     </span>
     <span class='ocr_line' id='line_1_16' title="bbox 233 1810 1193 1894; baseline -0.001 -19"><span class='ocrx_word' id='word_1_103' title='bbox 233 1811 363 1894; x_wconf 84' lang='lat' dir='ltr'><strong>desunt3</strong></span> <span class='ocrx_word' id='word_1_104' title='bbox 394 1811 451 1876; x_wconf 89' lang='lat' dir='ltr'><strong>scd</strong></span> <span class='ocrx_word' id='word_1_105' title='bbox 477 1810 658 1877; x_wconf 78' lang='lat' dir='ltr'><strong>mehercule</strong></span> <span class='ocrx_word' id='word_1_106' title='bbox 680 1817 716 1876; x_wconf 78' lang='lat' dir='ltr'><strong>ct</strong></span> <span class='ocrx_word' id='word_1_107' title='bbox 741 1834 761 1875; x_wconf 89' lang='lat' dir='ltr'><strong>a</strong></span> <span class='ocrx_word' id='word_1_108' title='bbox 783 1813 897 1877; x_wconf 89' lang='lat' dir='ltr'><strong>ceteris</strong></span> <span class='ocrx_word' id='word_1_109' title='bbox 920 1811 1193 1878; x_wconf 85' lang='lat' dir='ltr'><strong>oblectationibus</strong></span> 
     </span>
     <span class='ocr_line' id='line_1_17' title="bbox 233 1899 1192 1984; baseline 0 -20"><span class='ocrx_word' id='word_1_110' title='bbox 233 1899 362 1964; x_wconf 88' lang='lat' dir='ltr'><strong>deseror</strong></span> <span class='ocrx_word' id='word_1_111' title='bbox 388 1903 422 1964; x_wconf 87' lang='lat' dir='ltr'><strong>et</strong></span> <span class='ocrx_word' id='word_1_112' title='bbox 446 1901 669 1984; x_wconf 80' lang='lat' dir='ltr'><strong>uoluptatibus</strong></span> <span class='ocrx_word' id='word_1_113' title='bbox 690 1905 823 1984; x_wconf 75' lang='lat' dir='ltr'><strong>propior</strong></span> <span class='ocrx_word' id='word_1_114' title='bbox 843 1921 914 1964; x_wconf 90' lang='lat' dir='ltr'><strong>rem</strong></span> <span class='ocrx_word' id='word_1_115' title='bbox 938 1901 1114 1984; x_wconf 85' lang='lat' dir='ltr'><strong>publicam,</strong></span> <span class='ocrx_word' id='word_1_116' title='bbox 1144 1900 1192 1965; x_wconf 89' lang='lat' dir='ltr'><strong>sic</strong></span> 
     </span>
     <span class='ocr_line' id='line_1_18' title="bbox 232 1987 1193 2072; baseline 0 -20"><span class='ocrx_word' id='word_1_117' title='bbox 232 1987 350 2052; x_wconf 88' lang='lat' dir='ltr'><strong>litteris</strong></span> <span class='ocrx_word' id='word_1_118' title='bbox 382 1991 548 2054; x_wconf 85' lang='lat' dir='ltr'><strong>sustentor</strong></span> <span class='ocrx_word' id='word_1_119' title='bbox 577 1991 612 2052; x_wconf 87' lang='lat' dir='ltr'><strong>et</strong></span> <span class='ocrx_word' id='word_1_120' title='bbox 641 2009 768 2053; x_wconf 88' lang='lat' dir='ltr'><strong>recreor</strong></span> <span class='ocrx_word' id='word_1_121' title='bbox 798 1990 948 2072; x_wconf 86' lang='lat' dir='ltr'><strong>maloque</strong></span> <span class='ocrx_word' id='word_1_122' title='bbox 978 1989 1015 2052; x_wconf 92' lang='lat' dir='ltr'><strong>in</strong></span> <span class='ocrx_word' id='word_1_123' title='bbox 1044 1988 1102 2052; x_wconf 89' lang='lat' dir='ltr'><strong>illa</strong></span> <span class='ocrx_word' id='word_1_124' title='bbox 1132 1992 1193 2052; x_wconf 91' lang='lat' dir='ltr'><strong>tua</strong></span> 
     </span>
     <span class='ocr_line' id='line_1_19' title="bbox 233 2075 1193 2162; baseline 0 -20"><span class='ocrx_word' id='word_1_125' title='bbox 233 2076 390 2159; x_wconf 81' lang='lat' dir='ltr'><strong>sedecula,</strong></span> <span class='ocrx_word' id='word_1_126' title='bbox 408 2098 506 2160; x_wconf 85' lang='lat' dir='ltr'><strong>quam</strong></span> <span class='ocrx_word' id='word_1_127' title='bbox 518 2076 619 2142; x_wconf 81' lang='lat' dir='ltr'><strong>hebes</strong></span> <span class='ocrx_word' id='word_1_128' title='bbox 633 2077 694 2140; x_wconf 92' lang='lat' dir='ltr'><strong>sub</strong></span> <span class='ocrx_word' id='word_1_129' title='bbox 707 2076 849 2162; x_wconf 78' lang='lat' dir='ltr'><strong>imagine</strong></span> <span class='ocrx_word' id='word_1_130' title='bbox 863 2075 1057 2161; x_wconf 84' lang='lat' dir='ltr'><strong>Aristotelis,</strong></span> <span class='ocrx_word' id='word_1_131' title='bbox 1079 2077 1193 2142; x_wconf 89' lang='lat' dir='ltr'><strong>sedere</strong></span> 
     </span>
     <span class='ocr_line' id='line_1_20' title="bbox 233 2164 1192 2249; baseline 0 -19"><span class='ocrx_word' id='word_1_132' title='bbox 233 2187 330 2248; x_wconf 88' lang='lat' dir='ltr'><strong>quam</strong></span> <span class='ocrx_word' id='word_1_133' title='bbox 360 2164 396 2228; x_wconf 89' lang='lat' dir='ltr'><strong>in</strong></span> <span class='ocrx_word' id='word_1_134' title='bbox 427 2165 565 2230; x_wconf 88' lang='lat' dir='ltr'><strong>istorum</strong></span> <span class='ocrx_word' id='word_1_135' title='bbox 595 2165 676 2228; x_wconf 87' lang='lat' dir='ltr'><strong>sella</strong></span> <span class='ocrx_word' id='word_1_136' title='bbox 706 2165 810 2228; x_wconf 88' lang='lat' dir='ltr'><strong>curuli</strong></span> <span class='ocrx_word' id='word_1_137' title='bbox 839 2169 1009 2248; x_wconf 79' lang='lat' dir='ltr'><strong>tecumque</strong></span> <span class='ocrx_word' id='word_1_138' title='bbox 1041 2165 1127 2249; x_wconf 79' lang='lat' dir='ltr'><strong>opud</strong></span> <span class='ocrx_word' id='word_1_139' title='bbox 1156 2169 1192 2229; x_wconf 90' lang='lat' dir='ltr'><strong>te</strong></span> 
     </span>
     <span class='ocr_line' id='line_1_21' title="bbox 233 2253 1192 2337; baseline 0 -19"><span class='ocrx_word' id='word_1_140' title='bbox 233 2253 397 2318; x_wconf 85' lang='lat' dir='ltr'><strong>ambulare</strong></span> <span class='ocrx_word' id='word_1_141' title='bbox 425 2275 523 2336; x_wconf 88' lang='lat' dir='ltr'><strong>quam</strong></span> <span class='ocrx_word' id='word_1_142' title='bbox 549 2274 623 2318; x_wconf 88' lang='lat' dir='ltr'><strong>cum</strong></span> <span class='ocrx_word' id='word_1_143' title='bbox 652 2274 705 2337; x_wconf 89' lang='lat' dir='ltr'><strong>eo,</strong></span> <span class='ocrx_word' id='word_1_144' title='bbox 740 2274 878 2336; x_wconf 88' lang='lat' dir='ltr'><strong>quocum</strong></span> <span class='ocrx_word' id='word_1_145' title='bbox 905 2253 999 2317; x_wconf 83' lang='lat' dir='ltr'><strong>video</strong></span> <span class='ocrx_word' id='word_1_146' title='bbox 1026 2275 1095 2318; x_wconf 85' lang='lat' dir='ltr'><strong>esse</strong></span> <span class='ocrx_word' id='word_1_147' title='bbox 1123 2275 1192 2318; x_wconf 84' lang='lat' dir='ltr'><strong>cm·</strong></span> 
     </span>
     <span class='ocr_line' id='line_1_22' title="bbox 233 2339 1193 2406; baseline 0.002 -2"><span class='ocrx_word' id='word_1_148' title='bbox 233 2339 419 2406; x_wconf 83' lang='lat' dir='ltr'><strong>bulcudum</strong></span> <span class='ocrx_word' id='word_1_149' title='bbox 446 2339 509 2406; x_wconf 88' lang='lat' dir='ltr'><strong>Sed</strong></span> <span class='ocrx_word' id='word_1_150' title='bbox 532 2340 571 2405; x_wconf 90' lang='lat' dir='ltr'><strong>de</strong></span> <span class='ocrx_word' id='word_1_151' title='bbox 592 2339 651 2404; x_wconf 89' lang='lat' dir='ltr'><strong>illa</strong></span> <span class='ocrx_word' id='word_1_152' title='bbox 664 2340 882 2406; x_wconf 83' lang='lat' dir='ltr'><strong>ambulatione</strong></span> <span class='ocrx_word' id='word_1_153' title='bbox 903 2341 973 2406; x_wconf 89' lang='lat' dir='ltr'><strong>fors</strong></span> <span class='ocrx_word' id='word_1_154' title='bbox 994 2341 1111 2405; x_wconf 80' lang='lat' dir='ltr'><strong>viderit</strong></span> <span class='ocrx_word' id='word_1_155' title='bbox 1133 2346 1193 2406; x_wconf 84' lang='lat' dir='ltr'><strong>aut</strong></span> 
     </span>
    </p>

    <p class='ocr_par' dir='ltr' id='par_1_6' title="bbox 205 2427 1191 3042">
     <span class='ocr_line' id='line_1_23' title="bbox 205 2427 1191 2512; baseline 0.004 -22"><span class='ocrx_word' id='word_1_156' title='bbox 205 2427 261 2490; x_wconf 86' lang='lat' dir='ltr'><strong>¹si</strong></span> <span class='ocrx_word' id='word_1_157' title='bbox 283 2428 355 2511; x_wconf 90' lang='lat' dir='ltr'><strong>quis</strong></span> <span class='ocrx_word' id='word_1_158' title='bbox 377 2431 436 2510; x_wconf 74' lang='lat' dir='ltr'><strong>est,</strong></span> <span class='ocrx_word' id='word_1_159' title='bbox 458 2429 515 2512; x_wconf 92' lang='lat' dir='ltr'><strong>qui</strong></span> <span class='ocrx_word' id='word_1_160' title='bbox 536 2432 635 2512; x_wconf 90' lang='lat' dir='ltr'><strong>curet,</strong></span> <span class='ocrx_word' id='word_1_161' title='bbox 657 2429 748 2493; x_wconf 88' lang='lat' dir='ltr'><strong>deus:</strong></span> <span class='ocrx_word' id='word_1_162' title='bbox 771 2433 916 2494; x_wconf 88' lang='lat' dir='ltr'><strong>nostram</strong></span> <span class='ocrx_word' id='word_1_163' title='bbox 937 2429 1191 2496; x_wconf 83' lang='lat' dir='ltr'><strong>ambulationem</strong></span> 
     </span>
     <span class='ocr_line' id='line_1_24' title="bbox 233 2514 1191 2602; baseline 0.004 -24"><span class='ocrx_word' id='word_1_164' title='bbox 233 2517 267 2578; x_wconf 90' lang='lat' dir='ltr'><strong>et</strong></span> <span class='ocrx_word' id='word_1_165' title='bbox 283 2515 481 2580; x_wconf 85' lang='lat' dir='ltr'><strong>Laconicum</strong></span> <span class='ocrx_word' id='word_1_166' title='bbox 502 2537 612 2600; x_wconf 88' lang='lat' dir='ltr'><strong>caque,</strong></span> <span class='ocrx_word' id='word_1_167' title='bbox 634 2538 716 2600; x_wconf 80' lang='lat' dir='ltr'><strong>quae</strong></span> <span class='ocrx_word' id='word_1_168' title='bbox 730 2514 834 2600; x_wconf 74' lang='lat' dir='ltr'><strong>Cyrea</strong></span> <span class='ocrx_word' id='word_1_169' title='bbox 856 2520 942 2600; x_wconf 91' lang='lat' dir='ltr'><strong>sunt,</strong></span> <span class='ocrx_word' id='word_1_170' title='bbox 962 2518 1068 2602; x_wconf 82' lang='lat' dir='ltr'><strong>velim,</strong></span> <span class='ocrx_word' id='word_1_171' title='bbox 1090 2539 1191 2602; x_wconf 90' lang='lat' dir='ltr'><strong>quum</strong></span> 
     </span>
     <span class='ocr_line' id='line_1_25' title="bbox 232 2601 1190 2690; baseline 0.002 -22"><span class='ocrx_word' id='word_1_172' title='bbox 232 2602 364 2687; x_wconf 86' lang='lat' dir='ltr'><strong>poteria,</strong></span> <span class='ocrx_word' id='word_1_173' title='bbox 385 2601 506 2668; x_wconf 80' lang='lat' dir='ltr'><strong>invises</strong></span> <span class='ocrx_word' id='word_1_174' title='bbox 529 2605 562 2668; x_wconf 91' lang='lat' dir='ltr'><strong>ct</strong></span> <span class='ocrx_word' id='word_1_175' title='bbox 577 2625 701 2689; x_wconf 82' lang='lat' dir='ltr'><strong>urgeas</strong></span> <span class='ocrx_word' id='word_1_176' title='bbox 722 2603 949 2688; x_wconf 87' lang='lat' dir='ltr'><strong>Philotimum,</strong></span> <span class='ocrx_word' id='word_1_177' title='bbox 971 2609 1009 2670; x_wconf 87' lang='lat' dir='ltr'><strong>ut</strong></span> <span class='ocrx_word' id='word_1_178' title='bbox 1029 2609 1190 2690; x_wconf 85' lang='lat' dir='ltr'><strong>properet,</strong></span> 
     </span>
     <span class='ocr_line' id='line_1_26' title="bbox 232 2690 1190 2778; baseline 0.002 -23"><span class='ocrx_word' id='word_1_179' title='bbox 232 2695 271 2755; x_wconf 85' lang='lat' dir='ltr'><strong>ut</strong></span> <span class='ocrx_word' id='word_1_180' title='bbox 297 2690 420 2776; x_wconf 90' lang='lat' dir='ltr'><strong>possim</strong></span> <span class='ocrx_word' id='word_1_181' title='bbox 451 2691 512 2756; x_wconf 90' lang='lat' dir='ltr'><strong>tibi</strong></span> <span class='ocrx_word' id='word_1_182' title='bbox 544 2691 665 2776; x_wconf 79' lang='lat' dir='ltr'><strong>aliquid</strong></span> <span class='ocrx_word' id='word_1_183' title='bbox 695 2693 732 2756; x_wconf 91' lang='lat' dir='ltr'><strong>in</strong></span> <span class='ocrx_word' id='word_1_184' title='bbox 763 2714 801 2758; x_wconf 91' lang='lat' dir='ltr'><strong>eo</strong></span> <span class='ocrx_word' id='word_1_185' title='bbox 832 2713 950 2778; x_wconf 85' lang='lat' dir='ltr'><strong>genere</strong></span> <span class='ocrx_word' id='word_1_186' title='bbox 986 2693 1190 2778; x_wconf 87' lang='lat' dir='ltr'><strong>respondere.</strong></span> 
     </span>
     <span class='ocr_line' id='line_1_27' title="bbox 231 2777 1191 2865; baseline 0.004 -22"><span class='ocrx_word' id='word_1_187' title='bbox 231 2778 405 2865; x_wconf 90' lang='lat' dir='ltr'><strong>Pompeius</strong></span> <span class='ocrx_word' id='word_1_188' title='bbox 435 2779 472 2844; x_wconf 90' lang='lat' dir='ltr'><strong>in</strong></span> <span class='ocrx_word' id='word_1_189' title='bbox 499 2777 680 2846; x_wconf 78' lang='lat' dir='ltr'><strong>Cumanum</strong></span> <span class='ocrx_word' id='word_1_190' title='bbox 705 2779 868 2846; x_wconf 84' lang='lat' dir='ltr'><strong>Parilibus</strong></span> <span class='ocrx_word' id='word_1_191' title='bbox 894 2781 997 2864; x_wconf 81' lang='lat' dir='ltr'><strong>venit3</strong></span> <span class='ocrx_word' id='word_1_192' title='bbox 1032 2782 1122 2847; x_wconf 89' lang='lat' dir='ltr'><strong>misit</strong></span> <span class='ocrx_word' id='word_1_193' title='bbox 1148 2783 1191 2847; x_wconf 81' lang='lat' dir='ltr'><strong>cd</strong></span> 
     </span>
     <span class='ocr_line' id='line_1_28' title="bbox 232 2867 1191 2955; baseline 0.002 -23"><span class='ocrx_word' id='word_1_194' title='bbox 232 2889 283 2932; x_wconf 91' lang='lat' dir='ltr'><strong>me</strong></span> <span class='ocrx_word' id='word_1_195' title='bbox 306 2867 426 2951; x_wconf 84' lang='lat' dir='ltr'><strong>statim,</strong></span> <span class='ocrx_word' id='word_1_196' title='bbox 449 2868 505 2952; x_wconf 91' lang='lat' dir='ltr'><strong>qui</strong></span> <span class='ocrx_word' id='word_1_197' title='bbox 521 2869 658 2932; x_wconf 84' lang='lat' dir='ltr'><strong>salutem</strong></span> <span class='ocrx_word' id='word_1_198' title='bbox 679 2869 859 2934; x_wconf 85' lang='lat' dir='ltr'><strong>nuntiaret:</strong></span> <span class='ocrx_word' id='word_1_199' title='bbox 883 2870 1012 2934; x_wconf 83' lang='lat' dir='ltr'><strong>adeum</strong></span> <span class='ocrx_word' id='word_1_200' title='bbox 1033 2869 1191 2955; x_wconf 88' lang='lat' dir='ltr'><strong>postridie</strong></span> 
     </span>
     <span class='ocr_line' id='line_1_29' title="bbox 227 2956 889 3042; baseline 0 -20"><span class='ocrx_word' id='word_1_201' title='bbox 227 2978 327 3022; x_wconf 78' lang='lat' dir='ltr'><strong>mane</strong></span> <span class='ocrx_word' id='word_1_202' title='bbox 349 2956 520 3040; x_wconf 77' lang='lat' dir='ltr'><strong>rodebam,</strong></span> <span class='ocrx_word' id='word_1_203' title='bbox 542 2979 641 3042; x_wconf 92' lang='lat' dir='ltr'><strong>quum</strong></span> <span class='ocrx_word' id='word_1_204' title='bbox 663 2956 743 3021; x_wconf 81' lang='lat' dir='ltr'><strong>hece</strong></span> <span class='ocrx_word' id='word_1_205' title='bbox 766 2957 889 3042; x_wconf 85' lang='lat' dir='ltr'><strong>scripsi</strong></span> 
     </span>
    </p>
   </div>
   <div class='ocr_carea' id='block_1_6' title="bbox 230 3164 1138 3379">
    <p class='ocr_par' dir='ltr' id='par_1_7' title="bbox 230 3164 1138 3379">
     <span class='ocr_line' id='line_1_30' title="bbox 302 3164 1138 3238; baseline 0.001 -18"><span class='ocrx_word' id='word_1_206' title='bbox 302 3164 354 3236; x_wconf 84' lang='lat' dir='ltr'><strong>Ep.</strong></span> <span class='ocrx_word' id='word_1_207' title='bbox 373 3172 421 3234; x_wconf 88' lang='lat'><strong>10,</strong></span> <span class='ocrx_word' id='word_1_208' title='bbox 445 3173 469 3220; x_wconf 79' lang='lat'><strong>1,</strong></span> <span class='ocrx_word' id='word_1_209' title='bbox 505 3166 613 3221; x_wconf 69' lang='lat' dir='ltr'><strong>dacror</strong></span> <span class='ocrx_word' id='word_1_210' title='bbox 636 3172 662 3222; x_wconf 82' lang='lat' dir='ltr'><strong>ct</strong></span> <span class='ocrx_word' id='word_1_211' title='bbox 687 3168 874 3237; x_wconf 66' lang='lat' dir='ltr'><strong>voluptatibus</strong></span> <span class='ocrx_word' id='word_1_212' title='bbox 900 3169 947 3238; x_wconf 75' lang='lat' dir='ltr'><strong>(h,</strong></span> <span class='ocrx_word' id='word_1_213' title='bbox 974 3168 1078 3238; x_wconf 78' lang='lat' dir='ltr'><strong>vulgo).</strong></span> <span class='ocrx_word' id='word_1_214' title='bbox 1132 3210 1138 3221; x_wconf 90' lang='lat'><em>.</em></span> 
     </span>
     <span class='ocr_line' id='line_1_31' title="bbox 231 3235 1129 3308; baseline 0.001 -18"><span class='ocrx_word' id='word_1_215' title='bbox 231 3235 401 3305; x_wconf 76' lang='lat' dir='ltr'><strong>voluptatum</strong></span> <span class='ocrx_word' id='word_1_216' title='bbox 419 3236 476 3304; x_wconf 73' lang='lat' dir='ltr'><strong>Zb,</strong></span> <span class='ocrx_word' id='word_1_217' title='bbox 494 3236 540 3306; x_wconf 80' lang='lat' dir='ltr'><strong>M,</strong></span> <span class='ocrx_word' id='word_1_218' title='bbox 565 3236 643 3305; x_wconf 78' lang='lat' dir='ltr'><strong>Oxx,</strong></span> <span class='ocrx_word' id='word_1_219' title='bbox 662 3239 687 3308; x_wconf 79' lang='grc' dir='ltr'><strong>β.</strong></span> <span class='ocrx_word' id='word_1_220' title='bbox 719 3239 745 3294; x_wconf 85' lang='lat' dir='ltr'><strong>d.</strong></span> <span class='ocrx_word' id='word_1_221' title='bbox 764 3240 936 3308; x_wconf 71' lang='lat' dir='ltr'><strong>voluptatum</strong></span> <span class='ocrx_word' id='word_1_222' title='bbox 953 3239 980 3295; x_wconf 95' lang='lat' dir='ltr'><strong>b.</strong></span> <span class='ocrx_word' id='word_1_223' title='bbox 1000 3238 1080 3307; x_wconf 78' lang='lat' dir='ltr'><strong>conj,</strong></span> <span class='ocrx_word' id='word_1_224' title='bbox 1099 3237 1129 3292; x_wconf 95' lang='grc' dir='ltr'><strong>Β.</strong></span> 
     </span>
     <span class='ocr_line' id='line_1_32' title="bbox 230 3306 1132 3379; baseline 0.003 -19"><span class='ocrx_word' id='word_1_225' title='bbox 230 3310 257 3360; x_wconf 83' lang='lat' dir='ltr'><strong>ct</strong></span> <span class='ocrx_word' id='word_1_226' title='bbox 273 3306 445 3376; x_wconf 76' lang='lat' dir='ltr'><strong>colaptctmn</strong></span> <span class='ocrx_word' id='word_1_227' title='bbox 462 3321 517 3360; x_wconf 81' lang='lat' dir='ltr'><strong>usu</strong></span> <span class='ocrx_word' id='word_1_228' title='bbox 538 3307 629 3377; x_wconf 79' lang='lat' dir='ltr'><strong>(Or.)?</strong></span> <span class='ocrx_word' id='word_1_229' title='bbox 660 3309 686 3363; x_wconf 84' lang='lat' dir='ltr'><strong>d.</strong></span> <span class='ocrx_word' id='word_1_230' title='bbox 706 3314 732 3363; x_wconf 84' lang='lat' dir='ltr'><strong>ct</strong></span> <span class='ocrx_word' id='word_1_231' title='bbox 748 3325 773 3363; x_wconf 87' lang='lat' dir='ltr'><strong>c.</strong></span> <span class='ocrx_word' id='word_1_232' title='bbox 792 3310 880 3364; x_wconf 82' lang='lat' dir='ltr'><strong>taedet</strong></span> <span class='ocrx_word' id='word_1_233' title='bbox 902 3310 1057 3379; x_wconf 76' lang='lat' dir='ltr'><strong>(Kayser.)?</strong></span> <span class='ocrx_word' id='word_1_234' title='bbox 1107 3315 1132 3363; x_wconf 80' lang='lat'><strong>2.</strong></span> 
     </span>
    </p>
   </div>
   <div class='ocr_carea' id='block_1_7' title="bbox 231 3172 1194 3450">
    <p class='ocr_par' dir='ltr' id='par_1_8' title="bbox 231 3172 1194 3450">
     <span class='ocr_line' id='line_1_33' title="bbox 1165 3172 1194 3222; baseline 0 0"><span class='ocrx_word' id='word_1_235' title='bbox 1165 3172 1194 3222; x_wconf 75' lang='lat' dir='ltr'><strong>e</strong></span> 
     </span>
     <span class='ocr_line' id='line_1_34' title="bbox 1161 3239 1193 3321; baseline 0 0"><span class='ocrx_word' id='word_1_236' title='bbox 1161 3239 1193 3321; x_wconf 67' lang='lat' dir='ltr'><strong>di</strong></span> 
     </span>
     <span class='ocr_line' id='line_1_35' title="bbox 231 3323 1192 3450; baseline 0.007 -21"><span class='ocrx_word' id='word_1_237' title='bbox 231 3377 294 3446; x_wconf 59' lang='lat' dir='ltr'><strong>pos</strong></span> <span class='ocrx_word' id='word_1_238' title='bbox 311 3382 350 3430; x_wconf 66' lang='lat' dir='ltr'><strong>ec</strong></span> <span class='ocrx_word' id='word_1_239' title='bbox 366 3376 683 3450; x_wconf 75' lang='lat' dir='ltr'><strong>(nc‚u1.‚ps.,ae.).</strong></span> <span class='ocrx_word' id='word_1_240' title='bbox 715 3381 741 3434; x_wconf 69' lang='lat' dir='ltr'><strong>o·</strong></span> <span class='ocrx_word' id='word_1_241' title='bbox 758 3381 807 3448; x_wconf 70' lang='lat' dir='ltr'><strong>qus</strong></span> <span class='ocrx_word' id='word_1_242' title='bbox 824 3383 863 3434; x_wconf 71' lang='lat' dir='ltr'><strong>ee</strong></span> <span class='ocrx_word' id='word_1_243' title='bbox 879 3380 930 3435; x_wconf 73' lang='lat' dir='ltr'><strong>ui</strong></span> <span class='ocrx_word' id='word_1_244' title='bbox 950 3382 980 3435; x_wconf 75' lang='lat' dir='ltr'><strong>ee</strong></span> <span class='ocrx_word' id='word_1_245' title='bbox 997 3323 1192 3448; x_wconf 47' lang='lat' dir='ltr'><strong>uss-mli</strong></span> 
     </span>
    </p>
   </div>
   <div class='ocr_carea' id='block_1_8' title="bbox 230 3447 1190 3586">
    <p class='ocr_par' dir='ltr' id='par_1_9' title="bbox 230 3447 1190 3586">
     <span class='ocr_line' id='line_1_36' title="bbox 230 3447 1190 3574; baseline 0.005 -74"><span class='ocrx_word' id='word_1_246' title='bbox 230 3447 309 3574; x_wconf 36' lang='lat' dir='ltr'><strong>{aba</strong></span> <span class='ocrx_word' id='word_1_247' title='bbox 326 3447 402 3570; x_wconf 50' lang='lat' dir='ltr'><strong>(ulli).</strong></span> <span class='ocrx_word' id='word_1_248' title='bbox 433 3448 499 3515; x_wconf 56' lang='lat' dir='ltr'><strong>ont,</strong></span> <span class='ocrx_word' id='word_1_249' title='bbox 516 3465 541 3503; x_wconf 84' lang='lat' dir='ltr'><strong>c.</strong></span> <span class='ocrx_word' id='word_1_250' title='bbox 560 3450 654 3520; x_wconf 82' lang='lat' dir='ltr'><strong>vulgo.</strong></span> <span class='ocrx_word' id='word_1_251' title='bbox 674 3455 776 3532; x_wconf 16' lang='lat' dir='ltr'><strong>¹-lut</strong></span> <span class='ocrx_word' id='word_1_252' title='bbox 788 3456 918 3520; x_wconf 80' lang='lat' dir='ltr'><strong>properet</strong></span> <span class='ocrx_word' id='word_1_253' title='bbox 939 3449 1054 3522; x_wconf 79' lang='lat' dir='ltr'><strong>(vulgo).</strong></span> <span class='ocrx_word' id='word_1_254' title='bbox 1087 3447 1131 3522; x_wconf 74' lang='lat' dir='ltr'><strong>[ct</strong></span> <span class='ocrx_word' id='word_1_255' title='bbox 1143 3451 1190 3521; x_wconf 74' lang='lat' dir='ltr'><strong>p}</strong></span> 
     </span>
     <span class='ocr_line' id='line_1_37' title="bbox 290 3557 357 3586; baseline 0.015 -16"><span class='ocrx_word' id='word_1_256' title='bbox 290 3557 305 3586; x_wconf 83' lang='grc'><strong>,,</strong></span> <span class='ocrx_word' id='word_1_257' title='bbox 350 3557 357 3571; x_wconf 88' lang='grc'><strong>.</strong></span> 
     </span>
    </p>
   </div>
   <div class='ocr_carea' id='block_1_9' title="bbox 0 0 1300 3964">
    <p class='ocr_par' dir='ltr' id='par_1_10' title="bbox 0 0 1300 3964">
     <span class='ocr_line' id='line_1_38' title="bbox 0 0 1300 3964; baseline 0 0"><span class='ocrx_word' id='word_1_258' title='bbox 0 0 1300 3964; x_wconf 95' lang='lat' dir='ltr'><strong> </strong></span> 
     </span>
    </p>
   </div>
  </div>
 </body>
</html>
