2510 3958
211 225 471 282 uersuomamr
489 228 539 282 so
557 227 722 283 curretur
740 226 786 282 lx.
807 233 831 281 a,
936 223 1001 291 303

61 372 90 432 te
110 367 255 455 dubitare,
278 371 357 455 quin
378 392 499 456 magna
520 372 556 436 in
579 373 701 437 offensa
725 370 785 437 sim
808 371 894 455 apud
906 368 1001 458 Pom·

61 457 154 540 poium
174 458 235 524 hoc
257 462 411 545 tempore,
431 481 500 526 non
521 459 615 525 uideo
638 481 777 542 causam,
802 459 926 524 cunita
949 458 1003 542 sit,

60 545 113 610 boc
140 547 267 631 quidem
301 551 458 633 tempore:
495 549 551 632 qui
586 548 672 614 enirn
709 548 827 614 amisso
859 545 1000 614 Corfinio

60 632 181 718 denique
203 636 371 701 certiorem
394 658 446 700 me
469 637 519 701 sui
542 637 669 702 consilii
689 636 776 721 fecit,
798 636 827 701 is
850 639 1004 721 queretur

59 720 251 788 Brundisium
284 746 335 788 me
366 746 434 790 non
465 725 605 809 venisse,
639 747 739 810 quum
769 725 854 790 inter
884 745 936 790 me
969 726 1003 788 et

58 808 251 879 Brundisium
275 811 393 878 Caesar
420 814 526 879 esset?
557 813 672 879 deinde
695 814 793 878 etiam
815 812 876 878 scit
898 805 1002 897 ἄπαρ-

23 929 29 940 ·
59 903 224 982 ρησίαστον
256 922 326 965 esse
356 901 392 965 in
424 923 462 966 ea
493 923 591 966 causa
622 902 785 987 querelam
812 923 918 966 suam:
950 921 1002 964 me

58 991 138 1070 putat
159 989 198 1053 de
221 989 470 1074 municipiorum
491 990 723 1077 imbecillitate,
750 991 789 1056 de
818 987 1005 1074 delectibus,

59 1075 91 1139 de
108 1097 192 1162 pace,
215 1077 254 1142 de
277 1078 365 1163 urbe,
388 1079 428 1143 de
449 1080 596 1164 pecunia,
618 1079 657 1144 de
671 1078 790 1144 Piceno
814 1077 1003 1163 occupando

58 1164 117 1247 plus
146 1165 265 1231 vidisse
297 1187 394 1251 quam
426 1189 469 1232 se.
519 1165 591 1252 Sin,
624 1189 722 1253 quum
753 1168 904 1256 potuero,
934 1186 1002 1230 non

58 1273 170 1338 uenero,
192 1257 265 1318 tum
287 1255 348 1319 erit
369 1254 528 1339 inimicus,
550 1255 636 1340 quod
655 1276 716 1341 ego
738 1276 806 1321 non
820 1276 858 1321 eo
881 1275 1005 1340 vereor,

59 1361 93 1405 ne
111 1341 187 1408 mihi
209 1346 327 1408 noceat
349 1380 391 1390 —
415 1343 492 1428 quid
515 1344 601 1409 enim
624 1342 746 1409 faciet?

76 1466 117 1540 τίς
137 1459 167 1530 d'
193 1463 263 1532 ἐστὶ
287 1466 409 1544 δοῦλος
429 1467 491 1533 τοῦ
513 1471 635 1534 θανεῖν
658 1461 819 1554 ἄφροντις
840 1461 904 1545 ὤνς
927 1503 980 1551 --,

59 1589 104 1652 sed
136 1590 211 1674 quia
241 1590 363 1675 ingrati
402 1590 502 1655 animi
534 1591 655 1656 crimen
686 1590 811 1657 horreo.
866 1588 1003 1656 Confido

57 1675 143 1760 igitur
181 1677 356 1743 adventum
397 1683 546 1744 nostrum
585 1679 647 1763 illi,
688 1701 816 1765 quoquo
856 1683 1003 1764 tempore

57 1763 208 1849 inuitat
231 1766 353 1848 scribis,
375 1759 575 1850 ἆσμένιστον
594 1767 674 1833 fore.
718 1766 813 1852 Nam,
836 1767 922 1853 quod
945 1769 1005 1851 ais,

59 1852 82 1914 si
104 1853 153 1919 hic
183 1855 394 1940 temperatius
421 1856 537 1941 egerit,
568 1856 801 1922 consideratius
832 1855 1003 1922 consilium

58 1942 85 2003 te
103 1941 263 2027 daturum,
292 1943 349 2027 qui
370 1943 423 2008 hic
444 1947 554 2027 potest
576 1965 610 2010 ee
633 1965 744 2030 gerere
766 1965 834 2008 non
856 1941 1002 2028 perdite?

59 2033 155 2096 vetant
184 2051 304 2116 mores,
340 2035 416 2097 ante
445 2031 547 2116 facta,
582 2033 666 2098 ratio
698 2031 839 2117 suscepti
869 2031 1002 2116 negotii,

60 2118 133 2202 socii,
153 2119 238 2187 vires
260 2120 421 2185 bonorum
444 2125 501 2184 aut
523 2119 621 2184 etiam
637 2119 829 2185 constantia.
860 2118 1032 2184 Vixdum⁸

60 2206 213 2289 epistolam
235 2211 327 2273 tuam
349 2209 504 2294 legeram,
534 2230 632 2293 quum
656 2208 697 2272 ad
719 2228 784 2293 me,
806 2227 938 2272 currens
962 2207 1003 2270 ad

59 2292 149 2379 illum,
184 2295 359 2361 Postumus
390 2294 520 2362 Curtius
556 2297 646 2362 venit
676 2296 760 2362 nihil
789 2295 853 2360 nisi
885 2295 1003 2360 classes

59 2381 179 2466 loquens
207 2387 240 2449 et
266 2385 435 2450 exercitus:
467 2385 625 2471 eripiebat
650 2384 840 2470 Hispanias,
870 2384 1004 2449 tenebat

59 2467 170 2556 Asiam,
192 2470 348 2558 Siciliam,
370 2472 528 2558 Africam,
558 2472 752 2559 Sardiniam,
775 2472 946 2540 confestim
967 2473 1004 2536 in

59 2555 211 2627 Graeciam
238 2562 499 2647 persequebatur.
543 2561 697 2627 Eundum
723 2562 824 2648 igitur
850 2565 912 2647 est,
943 2581 1005 2626 nec

59 2648 116 2712 tam
135 2652 172 2715 ut
192 2650 271 2715 belli
292 2671 390 2734 quam
411 2653 449 2714 ut
471 2650 569 2737 fugae
593 2651 672 2716 socii
694 2651 807 2734 simus3
834 2671 895 2715 nec
917 2650 1004 2715 enim

59 2733 130 2801 ferre
150 2741 264 2823 potero
279 2759 443 2805 sermones
456 2740 600 2822 istorum,
624 2739 814 2824 quicumque
829 2741 913 2822 sunt,
935 2758 1004 2805 non

61 2829 126 2889 sunt
146 2827 232 2890 enim
254 2829 353 2911 certe,
382 2830 420 2891 ut
442 2827 659 2912 appellantur,
691 2827 782 2910 boni3
815 2826 871 2892 sed
893 2828 1005 2890 tamen

60 2909 86 2974 id
106 2913 206 2997 ipsum
230 2915 311 2980 scire
334 2915 442 2999 cupio,
465 2914 542 3000 quid
564 2915 752 2999 loquantur,
774 2915 870 2998 idque
892 2915 931 2978 ut
952 2935 1005 2978 er·

61 3000 155 3080 quires
176 3023 292 3087 meque
314 3003 482 3069 certiorem
503 3003 614 3086 facias,
636 3007 668 3068 te
685 3003 893 3069 vehementer
914 3021 1005 3086 rogo.

61 3083 119 3154 Nos
140 3091 258 3177 adbuc,
284 3091 362 3176 quid
384 3090 549 3156 Brundisii
575 3095 684 3156 actum
706 3093 803 3174 esset,
830 3090 926 3174 plane
948 3109 1004 3153 ne-

63 3176 240 3244 sciebamus:
263 3201 363 3264 quum
385 3180 531 3264 sciemus,
552 3182 622 3244 tum
646 3200 685 3244 ex
706 3200 741 3243 re
762 3180 847 3243 etex
859 3181 1007 3262 tempore

63 3266 218 3354 eonsilium
240 3269 417 3352 capiemus,
440 3266 496 3332 sed
519 3271 647 3332 utemur
668 3269 735 3333 tuo.

121 3422 170 3494 Bp.
189 3431 213 3478 2.
229 3441 264 3492 a,
288 3430 313 3507 2,
345 3425 520 3492 temperatius
539 3424 613 3492 (W.).
646 3422 840 3491 ternperaats'm
857 3398 1023 3504 vulga-¹

62 3495 228 3636 iimo&
248 3495 350 3566 comt?
369 3499 458 3565 eperat
471 3494 530 3550 Ml.
550 3523 583 3536 -
601 3497 792 3550 adparitores
810 3492 920 3562 (Boot).
938 3497 1008 3558 usta,
