2622 3962
238 220 283 286 32
521 219 559 276 Μ.
578 219 702 275 TULLII
720 217 910 276 CICERONIS

238 364 303 432 luit
324 367 358 431 et
380 364 493 430 abste
516 365 682 449 aliquanto
710 368 786 432 ante
808 363 981 432 testificata
1002 368 1061 430 tua
1082 363 1197 430 volun·

238 457 290 519 tas
314 453 510 519 omittendae
531 453 726 538 provinciae,
748 456 794 538 ut,
822 453 908 537 quod
930 474 997 518 una
1018 473 1086 518 non
1110 452 1198 537 estis,

238 563 306 608 non
334 541 534 607 dissensione
562 562 600 606 aa
627 541 759 608 discidio
787 544 913 625 vestro,
945 539 1002 606 sed
1028 539 1197 606 voluntate

239 651 277 695 ac
299 630 417 695 iudicio
440 633 498 696 tuo
520 629 644 695 factum
667 650 736 694 esse
762 629 923 712 rideatur3
954 649 1054 714 quare
1077 632 1110 692 et
1131 629 1198 710 illa,

239 739 322 801 quae
344 718 475 802 violata,
497 718 711 801 expiabuntur
725 719 759 782 et
774 716 991 802 haecncstra,
1014 737 1096 800 quae
1120 721 1199 783 suut

240 806 440 872 sanctissime
455 808 654 890 conservata,
676 827 768 870 suam
790 805 979 891 religionem
994 805 1200 870 obtinebunt·

212 892 309 961 ⁸Nos
331 894 385 959 hic
406 895 442 960 in
463 915 498 958 re
520 893 651 978 publica
672 893 808 977 infirma,
831 893 948 960 misera
962 893 1197 958 commutabili·
1287 929 1288 934 κ

239 1004 301 1067 que
324 1004 501 1048 versamur:
524 982 618 1047 credo
642 981 729 1046 enim
750 984 783 1048 te
807 981 933 1047 audisse
956 985 1087 1046 nostros
1109 980 1199 1066 equi-

238 1075 289 1136 tes
320 1093 423 1157 paene
452 1092 474 1136 a
509 1073 623 1136 senatu
655 1090 724 1134 esse
760 1069 934 1157 diiunctos:
970 1070 1026 1154 qui
1057 1068 1199 1152 primum

238 1159 319 1224 illud
342 1160 435 1225 valde
457 1159 599 1245 graviter
620 1159 776 1242 tulerunt,
797 1159 1039 1244 promulgatum
1052 1177 1092 1220 ex
1105 1178 1198 1222 sena·

238 1250 293 1311 tus
316 1248 464 1312 consulto
487 1246 602 1330 fuisse,
628 1249 666 1311 ut
687 1246 727 1311 de
750 1245 811 1330 eis,
843 1246 899 1330 qui
926 1246 967 1311 ob
990 1245 1200 1311 iudicandum

234 1335 401 1417 pecuniam
423 1334 630 1417 accepissent,
653 1337 873 1418 quaereretur,
896 1355 959 1418 qua
981 1334 1016 1399 in
1038 1354 1073 1399 re
1092 1333 1199 1398 decer·

239 1421 348 1487 nenda
369 1443 469 1506 quum
496 1442 557 1507 ego
581 1442 658 1486 casu
679 1443 747 1486 non
775 1422 937 1488 affuissem
964 1422 1199 1506 sensissemque

239 1510 272 1575 id
296 1514 476 1593 equestrem
503 1509 648 1575 ordinem
678 1509 763 1575 ferre
795 1510 929 1575 moleste
956 1531 1060 1594 neque
1088 1514 1199 1594 aperte

240 1597 360 1682 dicere,
395 1598 564 1684 obiurgavi
600 1599 765 1681 senatum,
805 1602 843 1662 ut
878 1597 958 1662 mihi
993 1599 1081 1663 visus
1118 1618 1200 1684 sum,

240 1708 365 1750 summa
387 1707 462 1752 oum
483 1685 676 1752 auctoritate
697 1689 731 1750 et
752 1687 788 1751 in
810 1707 908 1752 causa
928 1707 996 1752 non
1017 1687 1200 1752 verecunda

213 1773 414 1838 radmodum
440 1775 549 1859 gravis
577 1777 610 1838 et
636 1774 784 1859 copiosus
810 1774 868 1840 fui.
903 1773 988 1840 Ecce
1015 1774 1098 1840 eliae
1121 1774 1199 1840 deli·
1303 1813 1304 1862 ,

176 1911 177 1915 ,
240 1863 308 1928 ciae
340 1859 496 1946 equitium
522 1862 575 1927 vix
602 1862 766 1928 ferendae!
799 1883 879 1947 quas
907 1883 967 1949 ego
994 1883 1063 1928 non
1093 1863 1200 1929 solum

239 1951 315 2035 tuli,
345 1950 402 2014 sed
429 1951 527 2016 etiam
555 1951 680 2016 ornavi:
719 1949 832 2016 Asiam
860 1950 916 2035 qui
942 1951 981 2016 de
1011 1951 1199 2018 censoribus

239 2038 478 2122 conduxerant,
510 2038 615 2122 questi
647 2041 724 2104 sunt
754 2039 791 2103 in
820 2043 935 2104 senatu
965 2061 999 2104 se
1023 2039 1199 2123 cupiditate

238 2129 409 2213 prolapsos
431 2127 567 2192 nimium
587 2147 707 2213 magno
722 2127 921 2213 conduxisse,
943 2130 981 2193 ut
993 2127 1200 2194 induceretur
1302 2193 1303 2226 ;

238 2215 378 2301 locatio,
398 2217 657 2300 postulaverunt;
684 2235 745 2301 ego
767 2216 918 2300 princeps
939 2216 976 2280 in
998 2215 1199 2282 adiutoribus

240 2307 336 2387 atque
359 2304 440 2370 adeo
464 2304 623 2370 secundus
645 2339 687 2352 -—
711 2324 802 2388 nam,
829 2307 867 2369 ut
887 2303 935 2369 illi
958 2302 1113 2369 auderent
1135 2305 1199 2371 hoc

238 2390 417 2475 postulare,
450 2388 585 2456 Crassus
615 2413 670 2457 eos
692 2393 822 2477 impulit
847 2427 897 2456 -·.
941 2390 1107 2458 Invidiosa
1137 2415 1199 2478 res,

238 2477 343 2561 turpis
366 2479 542 2561 postulatio
566 2481 600 2542 et
621 2478 781 2545 confessio
805 2479 1009 2563 temeritatis,
1037 2482 1092 2546 scd
1112 2503 1199 2546 sum·

238 2586 328 2629 mum
341 2568 412 2629 erat
423 2565 610 2650 periculum,
627 2587 679 2650 ne,
702 2566 730 2631 si
747 2566 831 2631 nihil
844 2567 1079 2653 impetrassent,
1101 2570 1199 2654 plane

239 2652 458 2718 alienarentur
480 2675 499 2717 a
523 2656 649 2718 senatu:
676 2653 753 2720 huic
783 2676 909 2739 quoque
935 2657 982 2721 rei
1005 2657 1199 2724 subventum

239 2745 289 2805 est
310 2741 448 2806 maxime
462 2742 591 2808 anobis
614 2742 864 2827 perfectumque,
886 2747 924 2808 ut
936 2744 1198 2830 frequentissimo

239 2833 354 2903 senatu
377 2833 410 2893 et
436 2829 661 2896 liberalissimo
693 2835 875 2916 uterentur,
906 2832 1071 2917 multaque
1103 2855 1198 2900 ame

239 2918 278 2982 de
301 2916 459 2983 ordinum·
476 2918 634 3003 dignitate
663 2923 696 2986 et
722 2920 894 2985 concordie
917 2920 1003 2985 dicta
1026 2926 1103 2986 sunt
1124 2921 1198 2988 Kal.
1300 2939 1301 3002 ᾗ

238 3004 406 3072 Decembr.
435 3009 468 3070 et
493 3007 662 3091 postridie,
698 3028 802 3092 neque
822 3008 944 3073 adhuc
970 3030 1022 3074 res
1049 3009 1198 3077 confecta

238 3097 301 3178 est,
339 3094 395 3160 sed
425 3095 576 3160 voluntas
609 3098 741 3160 senatus
773 3099 954 3181 perspecta:
993 3119 1078 3163 unus
1110 3099 1197 3165 enim

238 3186 352 3247 contre
367 3182 492 3247 dixerat
504 3181 654 3248 Metellus
674 3184 788 3249 consul
809 3183 1010 3268 designatum
1033 3186 1113 3270 quin
1126 3191 1198 3252 erat

238 3267 391 3354 dicturus,
414 3270 455 3335 ad
469 3291 564 3356 quem
577 3274 709 3357 propter
723 3271 788 3336 diei
800 3271 992 3338 brevitatem
1005 3278 1196 3358 perventum
1299 3269 1300 3332 l

309 3405 361 3488 Ep.
382 3411 423 3478 17,
443 3413 467 3462 t.
487 3410 630 3534 aliquanto
649 3414 712 3465 cote
730 3413 786 3464 test.
807 3409 860 3478 (G.;
879 3415 943 3466 cute
960 3411 1112 3480 aliquando
1126 3417 1145 3466 t.
1165 3413 1195 3479 1.‚

238 3477 274 3544 a).
294 3477 444 3544 eloquendo
457 3485 476 3532 t.
490 3479 519 3533 M
551 3519 567 3548 .,
580 3480 673 3551 vulgo.
711 3487 735 3535 9.
754 3485 829 3546 tem.,·
841 3482 888 3535 scd
900 3497 1034 3536 summum
1048 3481 1194 3552 (Kayser).

237 3549 273 3611 t.;
290 3561 423 3600 summm
441 3548 535 3619 vulgo.
555 3577 588 3592 -
607 3551 677 3616 (ἕως
694 3550 745 3604 diu
763 3555 822 3606 crat
839 3551 964 3608 dimum
982 3555 1058 3621 (ων
