2484 3974
228 230 293 295 386
514 230 552 286 Μ.
572 230 695 288 TULLII
713 230 903 290 CICERONIS

227 372 400 441 intervallo
422 374 506 440 nihil
528 375 662 442 omnino
684 376 726 440 ad
753 398 812 442 vos
839 376 965 460 scripsi,
997 377 1049 442 his
1075 377 1188 442 litteris

227 462 374 549 profecto
387 463 551 549 intelliges
566 485 635 530 rem
657 463 739 530 mihi
752 464 872 548 deesse,
894 465 934 530 de
957 487 1023 548 qua
1045 465 1188 549 scribam,

200 574 296 618 enon
319 552 529 626 voluntatem.
574 551 667 629 Quod
690 552 730 618 dc
752 551 887 621 Vatinio
911 554 1055 638 quaeris,
1085 575 1187 638 neque

227 640 314 706 iilius
335 659 441 726 neque
464 641 653 726 cuiusquam
680 641 760 708 mihi
782 645 950 726 praeterea
972 642 1116 708 officium
1140 643 1188 708 de

228 733 327 814 esset,
358 730 386 796 si
408 730 547 815 reperire
576 733 724 815 possent,
756 750 820 814 qua
842 731 878 796 in
899 752 937 794 re
958 751 1010 796 me
1033 729 1188 796 iuvarent

228 817 368 896 Quintus
390 819 594 883 aversissimo
608 841 629 883 a
642 840 693 883 me
717 819 825 883 animo
848 817 956 884 Patris
978 818 1056 902 fuit3
1078 818 1187 884 eodem

228 905 368 992 Corcyra
393 906 479 971 filius
506 905 610 972 venit:
642 905 718 972 inde
749 905 913 991 profectos
941 928 997 972 ecs
1024 929 1186 973 unacum

229 996 343 1062 aeteus
366 994 514 1061 arbitror.

679 1185 738 1254 VI.

228 1309 284 1367 Ser.
307 1306 451 1366 Brundisii
473 1325 498 1364 a.
522 1309 548 1365 d.
574 1309 622 1366 IV.
640 1308 782 1366 Kalendas
805 1309 971 1366 Decembres
994 1325 1020 1365 a.
1038 1327 1067 1364 u.
1087 1327 1110 1366 c.
1131 1317 1183 1364 ⁷06.

413 1413 542 1472 CICERO
561 1414 695 1472 ATTICO
715 1412 889 1470 SALUTEM
905 1413 1012 1470 meib.
1063 1477 1065 1482 ¹

200 1548 213 1588 r
294 1517 475 1596 Sollicitum
498 1545 567 1592 esse
589 1528 623 1590 te
647 1547 746 1610 quum
768 1525 808 1590 de
820 1526 887 1592 tuis
901 1524 1183 1610 communibusque

226 1614 380 1700 toronis,
410 1619 482 1686 tum
512 1613 651 1680 maxime
683 1613 722 1678 de
753 1635 805 1679 me
838 1634 875 1678 ac
906 1613 946 1678 de
978 1613 1091 1679 dolore
1118 1634 1182 1678 meo

226 1703 347 1786 senti03
383 1703 439 1787 qui
474 1702 604 1787 quidem
640 1723 731 1768 meus
768 1701 861 1767 dolor
892 1723 961 1767 non
991 1702 1090 1768 modo
1122 1723 1182 1768 non
1239 1723 1240 1736 ¹

225 1792 392 1876 minuitur,
414 1813 514 1875 quum
537 1791 660 1858 socium
681 1790 743 1856 sibi
757 1790 906 1875 adiungit
919 1789 1066 1856 dolorem
1088 1793 1182 1874 tuum,

226 1880 282 1946 sed
297 1880 396 1946 etiam
410 1882 556 1964 augetur.
583 1877 724 1946 Omnino
746 1901 805 1964 pro
819 1883 878 1944 tua
890 1878 1066 1963 prudentia
1081 1879 1180 1960 sentis,

227 1991 291 2054 qua
304 1968 526 2036 consolatione
538 1967 640 2034 levari
653 1967 791 2032 maxime
811 1967 946 2051 possim3
968 1967 1090 2051 probas
1104 1967 1180 2032 enim
1238 2031 1239 2038 ,

225 2079 334 2124 meum
354 2055 526 2124 eonsilium
547 2076 712 2141 negasque
735 2055 815 2120 mihi
838 2055 1014 2139 quidquam
1026 2055 1089 2120 tali
1110 2059 1179 2120 tem·

224 2168 304 2231 pore
325 2147 436 2232 potius
457 2145 642 2211 faciendum
663 2144 773 2210 fuisse.
804 2143 909 2209 Addis
931 2143 1030 2211 etiam
1044 2179 1089 2192 -
1104 2141 1179 2228 quod

226 2236 287 2302 etsi
314 2234 394 2299 mihi
420 2235 522 2298 levius
550 2236 601 2298 ast
629 2255 727 2316 quam
755 2237 847 2299 tuum
879 2231 1047 2317 iudicium,
1079 2237 1178 2298 tamen

225 2344 294 2388 non
315 2326 366 2386 est
386 2322 457 2386 leve
482 2358 521 2368 -
546 2321 660 2386 ceteris
683 2343 819 2406 quoque,
841 2320 958 2405 idest,
981 2321 1037 2405 qui
1059 2320 1178 2405 pondus
1237 2381 1238 2384 ,

225 2409 377 2494 habeant,
398 2409 522 2474 factum
534 2413 688 2476 nostrum·
705 2410 850 2494 probari:
872 2409 905 2473 id
920 2409 948 2474 si
961 2410 1009 2474 ita
1029 2413 1178 2494 putarem

198 2498 328 2562 alerius
342 2496 492 2564 dolerem.
518 2495 666 2583 ‚‚Orede,“
687 2498 805 2582 inquis,
825 2495 951 2583 „mihif‘
982 2494 1087 2562 Credo
1102 2495 1176 2581 equi·

226 2586 312 2669 dem,
335 2585 391 2652 sed
414 2587 496 2670 scio,
524 2603 622 2671 quam
645 2587 756 2672 cupias
778 2586 881 2652 minui
903 2586 1050 2651 dolorem
1070 2605 1176 2652 meum,

225 2673 279 2740 Me
302 2674 485 2740 discessisse
508 2674 550 2739 ab
573 2675 671 2740 armis
693 2696 872 2759 numquam
892 2674 1068 2759 poenituit:
1096 2675 1176 2739 ona

225 2766 296 2832 erat
317 2763 353 2830 in
375 2763 440 2829 illis
459 2763 641 2848 crudelitas,
662 2766 757 2828 tanta
770 2785 843 2830 cum
865 2761 1012 2828 barbaris
1035 2762 1176 2848 gentibue

226 2853 426 2937 coniunctio,
452 2855 579 2919 utnon
602 2852 809 2934 nominatim,
832 2851 887 2918 sad
911 2852 1093 2936 generatim
1113 2870 1174 2935 pro·

226 2943 358 3027 scriptio
390 2944 476 3007 esset
505 2940 695 3025 informato,
726 2944 764 3006 ut
793 2941 859 3005 iam
892 2941 1038 3006 omnium
1069 2937 1174 3005 iudicio

226 3032 438 3099 constitutum
465 3032 550 3096 esset
577 3029 722 3096 omniurn
748 3033 892 3094 vestrum
917 3029 1006 3096 bona
1034 3027 1174 3114 praedam

225 3139 295 3186 ease
309 3121 396 3186 iilius
410 3118 573 3203 victoriae,
593 3115 774 3203 ‚,vestrum“
794 3119 892 3204 plene
906 3117 988 3201 dico,
1010 3134 1174 3202 numquam

226 3208 313 3274 enim
327 3208 366 3274 de
379 3211 413 3273 te
426 3209 499 3292 ipso
512 3207 577 3272 nisi
586 3205 804 3272 crudelissime
819 3206 997 3292 cogitatum
1011 3210 1075 3290 est3
1089 3221 1173 3289 quare

226 3296 404 3362 voluntatis
436 3318 487 3361 me
516 3316 607 3362 meae
633 3316 811 3381 numquam
837 3293 1030 3380 poenitebit:
1062 3287 1173 3360 consilii

226 3385 381 3469 poenitet.
407 3383 448 3450 In
470 3384 589 3469 oppido
613 3383 721 3468 aliquo
743 3385 873 3449 mallem
893 3382 1060 3469 resedisse,
1081 3374 1172 3467 quoad

298 3574 349 3644 Ep,
368 3582 394 3648 β,
416 3581 438 3629 1.
458 3573 659 3631 SALUTEM
676 3576 732 3645 (M.,
751 3576 866 3644 Wurz.).
885 3575 969 3632 SAL.
988 3577 1020 3632 B.
