2582 3980
237 240 496 298 arlsuoussun
514 239 564 294 Aa
583 239 736 294 BRUTUM
754 240 774 294 Ι.
795 244 837 296 ll.
857 244 898 294 18.
983 235 1050 304 643

513 451 637 519 XVIII.

462 574 505 642 (A.
524 591 551 628 u.
570 591 592 629 c.
614 575 685 644 711.)

391 677 519 735 clcaao
538 677 662 734 BRUTO
682 676 758 734 SAL.

161 786 268 864 Quum
283 807 378 871 saepe
394 790 426 852 te
449 787 565 852 litteris
588 786 738 852 hortatus
761 807 874 870 essem,
895 788 933 851 ut
955 803 1078 870 quaml

91 877 234 962 primum
257 876 303 939 rei
326 874 473 960 publicae
493 875 680 941 subvenires
704 875 738 938 in
751 874 942 958 Italiamque
966 897 1052 940 exer-

91 967 194 1030 eitum
219 964 408 1049 adduceres,
430 985 533 1048 neque
556 963 590 1028 id
613 964 786 1029 arbitrarer
810 962 956 1028 dubitare
979 968 1054 1028 tuos

92 1053 303 1135 necessarios
325 1055 458 1136 rogatus
480 1073 551 1116 sum
565 1073 585 1116 a
598 1051 850 1136 prudentissima
864 1055 897 1116 et
919 1051 1053 1136 diligen-

92 1141 221 1206 tissima
250 1139 385 1224 femina,
416 1144 518 1204 matre
541 1144 611 1224 tua,
629 1135 732 1205 'cuius
761 1161 873 1205 omnes
896 1160 990 1204 curae
1014 1140 1055 1204 ad

94 1235 128 1294 te
151 1229 335 1294 referuntur
357 1230 446 1292 etin
468 1231 501 1293 te
525 1233 766 1312 consumuntur,
788 1231 826 1292 ut
848 1227 990 1293 venirem
1014 1225 1054 1293 ad

96 1329 130 1383 se
155 1339 182 1381 a.
197 1317 226 1382 d.
247 1333 317 1382 v111.
330 1315 402 1380 Kal.
426 1313 573 1382 Sextiles:
597 1315 683 1400 quod
707 1337 777 1402 ego,
799 1320 836 1381 ut
859 1317 963 1399 debui,
986 1315 1055 1380 sine

96 1428 188 1471 mora
211 1406 285 1488 feci3
318 1424 416 1488 quum
440 1409 547 1470 autem
570 1406 742 1489 venissem,
766 1401 867 1469 Oasca
890 1403 1001 1469 aderat
1024 1407 1056 1468 et

97 1495 206 1558 Labeo
239 1496 271 1557 et
303 1490 461 1576 Scaptius.
506 1491 552 1557 At
582 1493 639 1557 illa
670 1493 796 1558 rettulit
827 1493 1056 1577 quaesivitque,

97 1581 252 1666 quidnam
282 1579 363 1645 mihi
392 1581 567 1665 videretur,
599 1602 872 1646 arcesseremusne
899 1585 932 1645 te
960 1585 1056 1665 atque

97 1671 131 1734 id
153 1670 214 1734 tibi
237 1669 414 1734 conducere
436 1673 623 1754 putaremus
647 1692 689 1734 an
706 1669 833 1734 tardare
857 1691 895 1734 ac
918 1690 1056 1735 commo·

98 1759 163 1822 rari
186 1762 219 1822 te
242 1757 357 1822 melius
381 1760 473 1822 esset.
508 1757 674 1843 Respondi
695 1758 738 1842 id,
760 1758 846 1842 quod
870 1759 1083 1842 sentiebam,²

99 1851 133 1910 et
156 1845 308 1931 dignitati
331 1849 364 1911 et
387 1847 616 1912 existimationi
638 1849 714 1911 tuae
728 1848 865 1911 maxime
881 1847 1058 1930 conducere

98 1940 132 1999 te
155 1935 260 2019 primo
284 1955 410 2018 quoque
437 1939 581 2018 tempore
607 1935 691 1998 ferre
718 1934 913 2018 praesidium
935 1934 1058 1999 labenti

100 2027 133 2086 et
156 2021 329 2086 inclinatae
352 2042 455 2105 paene
478 2023 525 2086 rei
547 2023 708 2107 publicae3
739 2022 813 2106 quid
838 2022 924 2086 enim
947 2022 1058 2086 abesse

100 2133 213 2176 censes
236 2111 313 2174 mali
334 2111 369 2174 in
393 2132 431 2175 eo
453 2110 553 2194 bello,
583 2111 619 2174 in
647 2132 710 2194 quo
737 2111 874 2175 victores
902 2110 1059 2174 exercitus

100 2199 280 2284 fugientem
302 2199 429 2263 hostem
452 2199 600 2284 persequi
622 2199 786 2263 noluerint
812 2198 902 2262 etin
925 2219 988 2282 quo
1011 2197 1059 2262 in-

102 2287 236 2352 columis
259 2287 446 2371 imperator,
476 2286 655 2352 honoribus
679 2286 884 2371 amplissimis
906 2286 1059 2352 fortunis-

102 2396 164 2459 que
178 2375 334 2459 maximiS,
348 2375 493 2460 coniuge,
507 2375 625 2459 liberis,
645 2375 737 2441 vobis
751 2374 903 2439 affinibus
918 2379 1061 2459 ornatus,

102 2464 223 2527 bellum
245 2464 291 2527 rei
313 2463 461 2546 publicae
480 2463 652 2528 indixerit?
675 2462 751 2548 quid
766 2463 870 2527 dicam
892 2464 945 2547 „in
967 2467 1059 2527 tanto

104 2555 235 2616 senatus
258 2552 432 2635 populique
456 2549 643 2636 consensu“,
665 2567 762 2636 quum
781 2555 909 2615 tantum
922 2551 1061 2615 resideat

103 2641 191 2704 intra
222 2660 330 2704 muros
362 2635 461 2704 mali?
515 2639 656 2704 Maximo
689 2644 811 2724 autem,
847 2661 946 2723 quum
981 2640 1088 2704 haece

104 2728 296 2812 scribebam,
328 2727 491 2792 afficiebar
520 2727 643 2812 dolore,
675 2727 774 2812 quod,
806 2749 905 2811 quum
928 2749 978 2792 me
1002 2748 1061 2812 pro

104 2814 343 2881 adolescentulo
367 2836 404 2880 ac
426 2837 529 2900 paene
551 2837 651 2900 puero
667 2838 717 2880 res
740 2815 868 2900 publica
887 2815 1063 2899 accepisset

104 2904 232 2988 vadem,
263 2903 316 2969 vix
347 2903 492 2989 videbar,
524 2905 610 2988 quod
641 2905 866 2988 promiseram,
897 2906 1062 2987 praestare

105 3013 209 3077 posse,
233 2997 281 3057 est
305 2996 411 3058 autem
435 2993 563 3078 gravior
577 2996 610 3057 et
631 2993 790 3057 difficilior
813 2991 913 3056 animi
936 2995 968 3056 et
991 3013 1061 3056 sen·

105 3081 239 3165 tentiae,
270 3082 417 3145 maximis
449 3081 636 3166 praesertim
668 3081 703 3145 in
729 3080 839 3163 rebus,
870 3101 929 3164 pro
960 3080 1082 3145 altero'

107 3191 202 3254 quam
233 3170 388 3253 pecuniae
416 3170 585 3254 obligatio:
616 3169 697 3233 haec
728 3169 814 3232 enim
842 3167 922 3233 solvi
954 3172 1062 3251 potest

105 3264 139 3324 et
161 3262 210 3324 est
232 3257 278 3322 rei
301 3257 468 3322 familiaris
490 3259 613 3322 iactura
633 3256 824 3339 tolerabilis,
846 3255 1061 3340 reipublicae

106 3346 191 3432 quod
225 3346 448 3431 spoponderis,
484 3345 752 3430 quemadmodum
784 3346 903 3428 solvas,
939 3344 1002 3408 nisi
1033 3345 1061 3409 is

177 3503 228 3573 Ep.
249 3509 290 3570 18,
311 3511 335 3556 1.
367 3502 477 3556 tardari
495 3503 578 3572 (W.)l
615 3507 639 3556 2.
671 3502 829 3568 sentiebam,
848 3506 873 3555 ct
891 3501 965 3568 (W.).
998 3516 1018 3554 s.
1038 3505 1062 3554 ct

108 3576 199 3645 vulgo.
220 3604 254 3614 —
274 3575 380 3630 labanti
399 3573 483 3642 (uu
502 3603 534 3612 -
553 3573 692 3628 noluerint
711 3572 784 3642 (W.).
803 3573 950 3646 uoluerunt
968 3572 1061 3642 vulgo.

847 3662 901 3714 41*
