2484 3974
235 234 304 305 862
520 234 558 291 n.
577 234 702 293 nuncu
719 235 910 292 ciceronis

233 380 411 449 amabit-
424 379 510 464 quod
524 380 667 446 accidere
681 401 749 446 non
762 383 871 465 potest
882 417 933 465 -,
943 382 1056 446 tamen
1068 383 1198 446 salvum

234 469 778 624 ttptttltqttrtttstttl
795 469 1198 623 mltltttttttt

234 580 373 732 magnae
396 607 491 714 curie
504 649 595 712 tuam
608 647 710 712 vitam
723 667 760 710 ac
780 607 973 731 dignitabem
987 609 1057 712 esic
1071 647 1198 712 scires.“

301 733 425 800 Eodem
448 734 500 800 die
522 756 542 801 a
562 732 698 803 Caesare
721 733 914 802 Philotimus
937 736 1063 802 litteras
1085 736 1197 801 attulit

234 822 297 890 hoc
320 823 478 908 exemplo:
1045 873 1051 880 ,

697 1016 735 1084 Β.

380 1137 540 1209 „cresin
556 1138 629 1195 rue.
649 1137 725 1194 sm.
743 1137 776 1194 n.
795 1110 967 1194 omnnem
984 1138 1059 1196 rue.

208 1270 221 1311 ι
302 1245 376 1312 Etsi
389 1251 422 1313 te
436 1249 517 1314 nihil
535 1252 665 1333 temere,
686 1247 770 1314 nihil
791 1247 1013 1333 imprudenter
1034 1250 1188 1316 facturum

235 1334 420 1421 iudicaram,
441 1340 552 1402 tamen
573 1340 738 1421 permotus
759 1337 928 1402 hominum
946 1338 1035 1402 fama
1058 1339 1188 1404 scriben-

236 1423 313 1488 dum
345 1425 385 1490 ad
416 1428 449 1490 te
478 1426 657 1490 existimavi
685 1429 718 1489 et
743 1447 803 1509 pro
833 1430 946 1491 nostra
971 1427 1187 1493 benevolentia

236 1513 424 1598 petendum,
450 1536 492 1578 ne
516 1536 579 1598 quo
601 1515 840 1599 progredereris
862 1515 1044 1600 proclinata
1066 1519 1132 1581 iam
1151 1538 1186 1600 re,

237 1621 300 1684 quo
327 1602 455 1687 integra
482 1603 579 1667 etiam
609 1602 881 1688 progrediendum
907 1603 968 1668 tibi
994 1627 1064 1670 non
1090 1605 1185 1670 existi-

236 1710 373 1754 masses:
405 1712 545 1774 namque
578 1696 610 1755 et
642 1692 800 1756 amicitiae
833 1691 1014 1777 graviorem
1044 1693 1185 1758 iniuriam

236 1777 350 1841 feceris
374 1782 407 1843 et
427 1779 488 1843 tibi
515 1779 622 1844 minus
650 1779 817 1845 commode
840 1781 1053 1866 consulueris,
1080 1783 1185 1848 sinon

237 1865 387 1931 fortunae
411 1867 582 1932 obsecutus
606 1868 820 1933 videberis-
845 1869 954 1934 omnia
976 1870 1063 1934 enim
1087 1892 1184 1935 sccun-

237 1954 369 2020 dissima
391 1956 499 2040 nohis,
531 1956 756 2022 adversissima
781 1957 846 2022 illis
873 1957 1026 2024 accidisse
1048 1959 1184 2024 videntur

237 2080 295 2127 -‚
320 2065 380 2110 nec
407 2066 536 2110 causam
564 2049 693 2110 secutus
715 2081 757 2092 -
782 2046 893 2110 eadem
920 2047 1006 2112 enim
1033 2051 1104 2113 tum
1124 2047 1182 2132 fuir,

238 2153 336 2216 quum
364 2133 405 2197 ab
433 2154 544 2199 eorum
572 2133 714 2200 consiliis
742 2133 855 2198 abesse
881 2135 1030 2200 iudicasti
1053 2171 1110 2222 -·‚
1138 2133 1182 2200 sed

150 2259 155 2266 -
237 2242 344 2285 meum
380 2222 510 2306 aliquod
545 2222 668 2286 factum
704 2222 981 2306 condemnantes,
1018 2246 1081 2309 qno
1116 2224 1181 2289 mihi

238 2309 368 2393 gravius
391 2310 504 2375 abste
527 2309 609 2374 nihil
623 2310 765 2374 accidere
788 2315 909 2396 potest5
932 2312 1018 2396 quod
1033 2335 1075 2378 ne
1088 2313 1179 2394 facias,

210 2417 297 2480 apro
319 2397 388 2461 iure
411 2401 541 2464 nostrae
565 2399 724 2464 amicitiae
738 2420 759 2462 a
775 2403 807 2464 te
827 2404 911 2484 peto.
938 2400 1105 2466 Postremo
1118 2399 1178 2486 quid

238 2484 307 2549 viro
339 2484 426 2552 bono
454 2491 487 2551 et
513 2488 621 2571 quieto
649 2491 683 2551 et
712 2487 798 2553 bono
826 2487 887 2553 civi
915 2489 1019 2576 magis
1048 2511 1140 2556 conve
1160 2490 1179 2552 't

238 2591 336 2656 quam
362 2574 473 2640 abesse
501 2598 521 2640 a
543 2575 690 2644 civilibus
717 2577 975 2642 controversiis?
1003 2579 1090 2662 quod
1113 2599 1177 2642 non-

237 2661 320 2724 nulli
351 2684 450 2747 quum
485 2663 674 2750 probarent,
708 2663 843 2749 periculi
879 2686 976 2731 causa
1008 2667 1099 2752 sequi
1125 2687 1175 2730 non

237 2753 425 2835 potuerunt:
456 2755 493 2817 tu
525 2753 690 2837 explorato
719 2756 752 2817 et
778 2753 862 2818 vitae
890 2776 981 2819 meae
1010 2754 1174 2820 testimonio

238 2841 271 2903 et
298 2840 457 2904 amicitiae
488 2841 605 2906 iudicio
637 2861 742 2925 neque
769 2842 870 2908 tutius
898 2864 1003 2928 neque
1030 2843 1173 2912 honestius

237 2929 376 3012 reperies
399 2929 573 3013 quidquam
587 2951 684 3014 quam
698 2929 739 2994 ab
753 2929 843 2997 omni
856 2931 1065 2999 contentione
1078 2933 1172 2998 aben

237 3032 293 3081 xv.
316 3017 387 3082 Kal.
411 3016 515 3082 Maias
538 3038 577 3082 ex
599 3017 742 3083 itinere.“

307 3209 358 3278 up.
374 3215 398 3264 c.
413 3211 455 3280 a,
474 3217 498 3266 2.
519 3209 570 3265 Pe.
591 3209 685 3294 aare
703 3209 770 3294 (za,
789 3210 847 3280 en..
865 3179 928 3280 nor
963 3211 1015 3282 ep.
1035 3212 1076 3280 n,
1095 3221 1115 3270 1.
1129 3215 1171 3268 aa
1197 3265 1201 3271 ,
1239 3249 1240 3266 ,

236 3279 820 3435 loiriiirffiwn}0il')i-'aibiiebb²felllii'
834 3282 1170 3420 ffilffifiiiili

237 3425 263 3476 e
280 3423 401 3494 antae
418 3423 477 3478 aee.
497 3423 582 3493 (war
602 3451 635 3464 -
657 3423 730 3478 eae
748 3423 817 3492 (nte,
835 3423 888 3492 n).
915 3424 959 3479 aaz
976 3424 1036 3494 ur,
1055 3426 1086 3495 1.,
1101 3425 1167 3496 engo
1229 3392 1237 3479 l
