2510 3958
179 243 435 301 EPISTOLARUM
453 244 503 300 AD
521 243 687 300 ATTICUM
705 245 765 300 VH.
784 251 809 298 4.
830 250 853 298 5.
902 299 904 303 ,
925 242 992 308 233

50 393 108 453 tam
129 392 295 473 ementem,
317 393 356 454 ut
377 390 457 455 haec
479 390 514 453 in
537 389 708 454 discrimen
731 388 882 454 adducat:
906 389 992 472 quod

51 477 74 539 si
93 498 179 542 ruere
201 477 357 562 eoeperit,
387 498 428 542 ne
457 498 517 562 ego
545 479 647 542 multa
676 478 788 560 timeo,
821 497 902 561 quae
923 498 992 542 non

52 565 141 630 audeo
168 566 318 647 seriber03
350 565 419 648 sed,
450 569 487 631 ut
509 587 595 631 nunc
618 569 679 650 est,
706 587 735 632 a
758 565 788 630 d.
809 583 856 630 111.
878 563 995 644 Nonas

51 650 109 718 lan.
131 653 170 718 ed
191 654 303 718 urbem
328 653 444 739 cogito.

496 845 536 912 V.

80 966 130 1022 Ser.
148 966 241 1023 medio
259 984 354 1024 mense
372 967 519 1024 Decembri
537 969 612 1040 (post
629 969 689 1022 1111.
707 967 758 1039 Id.)
777 984 800 1023 a
816 985 843 1022 u.
858 985 880 1023 c.
897 974 955 1024 704.

326 1073 453 1130 CICERO
473 1073 606 1129 ATTICO
626 1073 702 1130 SAL.

105 1179 223 1246 Multas
245 1204 311 1246 uno
333 1187 478 1267 tempore
501 1183 609 1267 accepi
632 1182 784 1266 epistolas
806 1185 889 1266 tuas,
911 1199 1018 1266 quae1

54 1268 130 1353 nihi,
151 1289 346 1354 quamquam
368 1271 547 1336 recentiora
569 1270 738 1336 audiebam
761 1270 862 1355 exiis,
884 1271 939 1354 qui
953 1270 994 1338 ad

53 1377 95 1420 me
114 1359 295 1442 veniebant,
316 1363 426 1428 temen
440 1363 533 1424 erant
548 1359 722 1444 iucundae,
745 1359 885 1424 studium
908 1360 994 1424 enim

53 1448 79 1507 et
89 1445 343 1512 benevolentiam
357 1445 571 1513 declarabant.
590 1446 784 1512 Valetudine
798 1451 855 1512 tua
864 1469 995 1514 moveor

54 1537 80 1595 et
90 1531 200 1599 Piliam
222 1535 258 1599 in
279 1535 364 1600 idem
387 1556 489 1621 genus
507 1536 612 1602 morbi
633 1535 797 1620 delapsam
810 1557 921 1600 euram
933 1535 994 1600 tibi

54 1621 150 1686 afferre
185 1623 340 1689 maiorem
378 1625 495 1690 sentio:
537 1623 610 1689 date
646 1624 747 1709 igitur
778 1645 923 1709 operam,
957 1627 995 1688 ut

55 1710 182 1776 valeatis.
226 1711 276 1778 De
303 1711 422 1777 'tirone
452 1713 546 1778 video
573 1712 633 1777 tibi
661 1733 755 1778 curae
785 1734 868 1797 esse,
899 1731 1023 1797 querna

56 1797 168 1880 quidem
190 1820 266 1884 ego,
297 1801 358 1866 etsi
387 1801 549 1866 mirabiles
571 1801 729 1866 utilitates
751 1801 831 1866 mihi
853 1801 996 1885 praebet,

57 1906 139 1968 quum
168 1888 268 1973 valet,
298 1889 334 1953 in
366 1890 470 1978 omni
486 1910 603 1976 genere
634 1890 685 1955 vel
712 1889 917 1975 negotiorum
944 1888 995 1954 vel

58 1975 218 2042 surdiorum
240 1998 395 2063 meorum,
417 1982 528 2043 tamen
550 1981 683 2063 propter
704 1977 940 2043 humanitatem
963 1980 995 2041 et

58 2064 230 2131 modestiam
252 2066 337 2131 malo
361 2066 485 2132 salvum
508 2088 604 2150 quam
626 2069 759 2152 propter
772 2088 866 2132 usum
879 2085 1015 2130 meum..

58 2148 233 2240 Philogenes
264 2175 390 2220 mecum
420 2155 503 2220 nihil
533 2177 687 2240 umquam
715 2154 754 2219 de
782 2155 804 2232 †
831 2151 1022 2238 Lusgenios

58 2239 165 2307 locutus
201 2245 265 2326 est3
301 2243 340 2308 de
376 2243 489 2308 ceteris
525 2243 621 2309 rebus
657 2241 758 2307 habes
793 2241 995 2325 Dionysium.
1066 2260 1070 2270 ·

60 2325 190 2396 Sororem
212 2334 304 2396 tuam
325 2351 393 2396 non
415 2331 541 2396 venisse
563 2333 599 2396 in
621 2331 786 2396 Arcanum
808 2329 915 2394 miror.
946 2327 995 2394 De
1018 2337 1020 2342 “

60 2413 220 2504 Chrysippo
244 2440 352 2485 meum
366 2419 536 2484 consilium
557 2419 688 2504 probari
708 2419 768 2484 tibi
781 2439 849 2484 non
862 2418 996 2483 moleste

59 2505 123 2571 lero.
162 2507 236 2593 Ego
258 2507 294 2572 in
316 2507 535 2573 Tusculanum
556 2507 639 2572 nihil
662 2527 739 2572 sane
761 2507 823 2572 hoe
838 2510 996 2590 tempore:

61 2592 167 2660 derium
190 2600 241 2661 est
262 2603 332 2672 τοῖς
348 2589 541 2661 ἀπαντῶσιν
558 2600 592 2660 et
612 2596 713 2661 habet
726 2596 790 2659 alia
803 2590 998 2680 ὃύςχρηστα.

62 2679 111 2748 Sed
130 2685 165 2749 de
186 2683 361 2751 Formiano
380 2683 587 2750 Tarracinam
609 2683 712 2768 pridie
732 2683 804 2748 Kal.
817 2683 900 2767 Ian.;
921 2682 996 2747 inde

62 2767 250 2857 Pomptinum
271 2774 475 2857 †summam,
496 2770 570 2837 inde
584 2769 750 2836 Albanum
768 2771 927 2856 Pompeii:
950 2771 998 2835 ita

63 2858 94 2922 ed
115 2861 221 2929 urbem
248 2877 295 2925 m.
317 2860 445 2946 Nonas,
475 2860 578 2925 natali
604 2882 686 2925 meo.
730 2859 779 2936 De
806 2881 841 2924 re
867 2859 1022 2944 publicas

63 2949 183 3030 qnotidie
205 2950 310 3034 magis
332 2949 447 3033 time03
469 2970 538 3014 non
551 2949 638 3013 enim
659 2947 747 3032 boni,
769 2951 807 3013 ut
827 2948 849 3025 †
870 2949 998 3032 putant,

63 3038 262 3103 consentiunt:
286 3058 367 3121 quos
390 3057 451 3122 ego
468 3037 591 3120 equites
605 3035 781 3119 Romanos,
803 3055 883 3119 quos
906 3054 997 3097 sena

62 3125 131 3189 tores
150 3125 225 3209 vidi,
247 3126 303 3210 qui
326 3125 479 3191 acerrime
502 3147 601 3209 quum
624 3128 739 3209 cetera,
759 3127 829 3188 tum
850 3122 913 3187 hoc
935 3121 998 3185 iter

118 3299 163 3370 llp.
182 3305 207 3367 b,
226 3306 252 3354 3.
283 3288 460 3369 nespas
478 3297 592 3368 (Mill).
620 3298 755 3352 Luseieuo
774 3298 836 3366 (c.)?
864 3295 997 3350 Tuscenio

65 3368 123 3436 (nil
150 3370 286 3425 meenio
307 3387 343 3438 v.‚
361 3371 392 3424 B.
424 3399 460 3409 -
490 3374 659 3436 ’scammum
677 3367 715 3435 (Z.
733 3367 804 3436 Mu,
822 3365 924 3436 Regii).
955 3367 997 3421 iu·

64 3438 132 3494 suun
148 3440 228 3509 (conj.
247 3439 324 3510 apud
337 3439 387 3508 l.)?
404 3456 510 3495 sumam
527 3439 634 3494 IaclB.
653 3438 763 3492 emnam
780 3437 813 3490 R.
832 3467 865 3476 -
884 3437 950 3491 inde
966 3437 998 3490 ia

64 3509 113 3648 illd.
122 3511 159 3642 pl.)
173 3513 271 3581 1⁶84)⁴?
308 3517 332 3566 4.
351 3515 489 3580 mutuat
508 3507 584 3579 (Or).
598 3513 733 3577 putaram
748 3507 815 3577 (W.)
835 3508 885 3562 aut
897 3507 999 3578 peravi

74 3595 108 3650 n,
143 3623 167 3638 ..
725 3639 729 3643 ,
