2594 3976
239 230 498 288 EPISTOLARUM
515 231 565 288 AD
583 231 749 290 ΔΤΤΙΟΠΜ
767 233 841 291 XIV.
860 240 884 291 9.
906 241 947 291 10.
1006 235 1073 302 517

113 376 198 442 liora
219 375 259 442 de
273 374 380 442 Gallia
393 413 435 424 -
449 393 518 444 xxi.
542 376 593 442 die
614 377 739 444 litteras
761 377 904 446 hebebat
921 416 973 463 -—‚
995 378 1072 446 Ger-

112 470 231 532 manos
252 465 387 555 illasque
410 466 608 531 nationesne
622 467 732 534 audita
745 467 784 534 de
798 465 934 536 Caesare
947 469 1073 554 legatos

112 554 242 620 misisse
265 553 306 617 ad
319 553 497 638 Aurelium,
520 555 576 638 qui
598 557 648 619 est
668 556 872 640 praepositus
894 556 935 624 ab
955 557 1075 642 Hirtia,

113 663 158 724 se,
173 641 261 728 quod
269 643 462 725 imperatum
476 645 569 724 esset,
583 663 652 710 esse
661 643 813 729 facturos.
828 642 912 720 Quid
922 645 1073 729 qnaeris?
1101 709 1103 714 ,

114 730 227 798 omnia
249 729 346 816 plena
368 731 472 816 pasis,
500 731 594 796 aliter
616 753 654 799 aa
675 732 757 798 mihi
779 730 921 800 Celaeno
943 733 1075 800 dixerat.

576 925 618 992 X.

114 1045 175 1100 Sor.
200 1045 231 1100 in
249 1044 404 1100 Puteolano
428 1062 452 1100 a.
472 1044 498 1100 d.
522 1046 755 1126 XIlngalendas
773 1047 906 1102 Malana.
925 1065 953 1103 u.
973 1065 995 1103 e.
1015 1054 1075 1105 ¹110.

391 1151 539 1234 CICERO
557 1151 708 1208 ATTICO
726 1152 809 1209 SAL.

183 1258 276 1326 Itane
299 1259 398 1328 vero?
432 1259 494 1326 hoe
517 1283 607 1328 meus
629 1265 663 1326 et
684 1255 765 1326 tuus
782 1261 904 1328 Brutus
927 1262 1009 1347 egit,
1035 1265 1074 1330 ut
1098 1281 1111 1324 1

115 1347 257 1414 Lanuvii
288 1351 389 1433 esset,
417 1353 455 1414 ut
477 1347 657 1416 Trebonius
683 1350 853 1416 itineribus
876 1350 977 1416 deviis
1003 1371 1076 1433 pro-

115 1435 314 1510 ficisceretur
335 1437 371 1502 in
393 1437 609 1524 provinciam,
630 1442 668 1503 ut
690 1438 801 1506 omnia
822 1437 925 1522 faeta,
948 1439 1077 1521 scripta,
1132 1485 1136 1494 .

117 1525 220 1608 dieta,
254 1526 429 1612 promissa,
465 1547 502 1592 oo
529 1526 608 1590 'taba
637 1523 784 1594 Caesaris
819 1527 893 1611 plus
924 1527 1077 1609 valerent,

117 1635 217 1700 quam
241 1615 268 1680 si
290 1614 360 1701 ipse
382 1615 504 1679 viveret
550 1615 768 1680 meministine
790 1635 838 1679 me
860 1616 998 1680 olamans
1020 1615 1078 1682 illo

115 1703 191 1786 ipso
213 1698 316 1786 primo
340 1700 524 1789 Capitolino
547 1703 610 1768 die„
621 1708 769 1769 senatum
790 1704 827 1770 in
840 1701 1035 1788 Capitolium
1058 1726 1078 1770 a

116 1792 323 1876 praetoribus
353 1791 460 1857 vocari
487 1792 642 1874 oportere?
679 1792 712 1856 di
738 1791 958 1857 immoxtales?
995 1812 1078 1876 quae

117 1884 190 1945 tum
221 1901 320 1964 opera
352 1881 436 1945 effici
470 1885 659 1966 potuerunt,
694 1881 891 1944 laetantibus
929 1880 1077 1945 omnibus

117 1968 225 2052 bonis,
248 1969 345 2033 etism
369 1973 421 2033 sat
441 1968 545 2053 bonis,
567 1969 679 2054 fractis
701 1968 895 2033 latronibus!
918 1967 1078 2031 Liberalia

118 2060 157 2121 tn
172 2077 312 2121 aeousss.
334 2055 418 2132 Quid
432 2055 501 2120 fieri
509 2061 580 2121 tum
593 2055 725 2140 potuit?
738 2056 927 2140 iampridem
941 2055 1077 2139 periera-

118 2166 207 2209 mus:
239 2145 457 2209 meministine
485 2148 518 2209 te
550 2145 689 2208 clamare
720 2165 850 2208 eausam
881 2143 1014 2228 perisse,
1051 2143 1079 2206 si

119 2233 234 2298 funere
257 2233 361 2298 elatus
384 2231 490 2298 esset?
513 2232 774 2316 atilleelinmin
795 2232 868 2298 foro
891 2231 1078 2296 combustus
1096 2280 1103 2312 J

118 2313 333 2406 laudatusque
355 2319 582 2388 miserabiliter
595 2321 740 2405 servique
754 2323 787 2386 et
800 2323 932 2405 egentes
944 2321 980 2384 in
993 2321 1080 2395 tecta

119 2411 235 2476 noetus
249 2429 321 2474 oum
334 2408 460 2474 facibus
474 2409 623 2493 immissi3
638 2430 720 2493 quas
735 2408 871 2476 deinde?
889 2411 927 2472 ut
940 2407 1081 2483 audeant

121 2497 241 2564 disere:
262 2501 360 2586 „tune
372 2501 497 2584 ⁴eontra
511 2494 657 2562 Caesaris
680 2496 836 2565 nutum‘i“
857 2495 947 2562 Haeo
970 2499 1003 2562 et
1016 2495 1080 2560 alia

120 2587 206 2650 ferre
228 2607 297 2652 non
318 2607 465 2672 possum:
488 2586 598 2670 itaque
620 2585 685 2668 γῆν
706 2579 770 2670 πρὸ
794 2585 855 2670 γῆς
877 2585 1000 2670 eogit03
1022 2587 1080 2650 tua

121 2677 234 2740 temen
255 2667 447 2760 ὑπηνέμιος.
472 2671 604 2740 Nausea
624 2674 732 2740 iamne
754 2674 851 2760 plane
874 2673 978 2744 abiit?
1000 2671 1106 2738 mihis

122 2762 252 2846 quidem
284 2785 323 2828 ex
353 2763 419 2828 tuis
449 2761 567 2828 litteris
599 2763 793 2830 coniectanti
826 2763 874 2828 ita
904 2762 1081 2829 videbatur.

121 2841 292 2919 Redeo‘ed
306 2849 476 2936 Tebassos,
497 2847 644 2934 scaevas,
666 2850 869 2936 Frengones:
892 2850 953 2914 hos
970 2853 1007 2914 tu
1030 2869 1081 2914 ex·

122 2937 248 3006 istimas
272 2939 431 3022 confidere
455 2961 488 3004 ss
510 2939 568 3004 illo
589 2939 757 3006 habituros
780 2937 942 3020 stantibus
965 2934 1081 3002 nobis?
1209 3011 1212 3017 ¹

121 3027 274 3178 irnqmbu
312 3027 386 3178 pliilis
400 3027 529 3179 virtutis
551 3030 717 3179 putazunt,
740 3048 837 3178 quarm
855 3025 1083 3177 'elimitbm

122 3136 263 3293 llll
286 3133 1073 3292 qtlltmt0⁰sltu⁰b3lstellet·

194 3357 246 3430 Ep.
266 3366 291 3428 θ,
311 3365 335 3416 3.
355 3357 450 3414 Gallia
464 3389 500 3400 -
515 3359 607 3416 XXI.
625 3359 693 3416 ..lu
713 3387 757 3426 -,
776 3357 865 3414 Germ.
883 3357 958 3428 (W.).
979 3355 1083 3413 Gallia.

123 3427 217 3486 XXI.
237 3472 243 3485 .
264 3473 270 3486 .
288 3431 325 3496 le,
343 3429 376 3486 θ.
395 3430 490 3500 vulgo.
539 3429 654 3502 Eum,
675 3438 698 3486 1.
729 3431 823 3486 vocari
841 3433 962 3499 oportere
988 3425 1082 3497 (bob).

121 3515 147 3556 o.
165 3515 190 3554 o.
210 3497 282 3570 (B.)?
315 3499 375 3556 Om.
394 3517 437 3570 op.
461 3501 555 3570 vulgo.
588 3529 623 3542 -
654 3501 808 3556 combustus
824 3505 863 3555 est
880 3499 898 3556 1.
922 3499 963 3570 (B.
983 3497 1084 3568 senil?

122 3576 148 3626 2.
168 3575 300 3627 auderes.
319 3571 360 3625 At
376 3571 451 3642 (W).
470 3569 518 3628 a?
536 3571 578 3628 At
594 3571 688 3644 vulgo.
