2608 3972
285 193 546 250 EPISTOLARUM
563 194 613 252 AD
630 193 795 250 ATTICUM
813 194 834 250 1.
853 199 896 250 20.
1021 191 1065 256 43

102 338 135 404 A
158 341 252 405 curia
275 344 385 406 autem
406 340 498 404 nulla
519 361 570 404 me
592 361 644 404 res
667 338 811 422 divellet,
837 339 888 404 vel
911 337 996 424 quod
1018 339 1065 404 ita

104 431 230 493 rectum
259 431 323 512 est,
359 427 410 492 vel
437 428 523 512 quod
544 427 640 492 rebus
669 429 750 492 meis
771 429 909 492 maxime
932 447 1065 493 consen·

103 519 250 600 tansum,
273 517 325 581 vel
348 515 444 600 quod,
466 520 615 582 asenatu
629 516 743 600 quanti
762 515 847 599 fiam,
869 516 1000 580 minime
1014 536 1065 579 me

104 605 262 687 poenitet.
296 603 345 668 De
369 603 536 688 Sicyoniis,
558 609 596 668 ut
617 604 658 671 ad
680 608 712 668 te
736 604 848 688 scripsi
871 607 975 687 antea,
997 623 1091 668 noni

104 693 247 757 multum
261 693 331 777 spei
345 693 443 758 estin
457 696 571 758 senatu
586 727 627 740 -
641 713 737 758 nemo
752 695 801 757 est
815 692 900 756 enim
914 693 992 775 iam,
1011 692 1066 775 qui

104 785 270 865 queratur,
289 801 398 864 quere,
416 781 443 844 si
456 780 489 845 id
503 785 678 865 exspectas,
696 781 831 865 longum
845 785 906 844 est:
927 781 991 846 alia
1005 781 1066 864 via,

104 869 353 1021 {isara
366 867 1066 1041 perialimzuuaurula

351 1007 361 1041 7

105 1045 305 1110 sententiam
331 1043 455 1129 pedarii
478 1049 699 1110 cucurrerunt:
716 1009 908 1109 'inducendi
935 1049 1066 1108 senatus

104 1132 249 1197 consulti
272 1132 443 1197 maturitas
472 1134 617 1200 noudum
640 1137 702 1217 est,
733 1133 819 1217 quod
835 1153 952 1217 nequo
982 1136 1067 1215 sunt,

105 1221 159 1303 qui
174 1224 366 1304 querantur,
388 1225 421 1284 et
443 1222 536 1286 multi
559 1222 678 1306 partim
691 1222 926 1306 malevolentia,
947 1221 1066 1306 partim

105 1309 262 1392 opinione
291 1309 462 1392 aequitatis
489 1310 697 1375 delectantur.
741 1309 891 1375 Metellus
918 1313 994 1374 tuus
1017 1313 1093 1373 ests

107 1399 261 1482 egregius
285 1398 412 1462 consul:
448 1405 549 1463 imum
571 1398 786 1484 reprehendo,
813 1398 900 1482 quod
927 1398 1029 1463 otium
1051 1418 1067 1462 e

105 1482 211 1549 Gallia
245 1486 390 1550 nuntiari
421 1507 490 1551 non
520 1507 639 1572 magno
677 1508 772 1571 opere
793 1487 933 1579 vgaudet3
969 1486 1067 1570 cupit,

107 1573 218 1658 credo,
249 1573 463 1658 triumphare:
499 1575 561 1639 hoc
583 1576 698 1640 vellem
720 1574 924 1657 mediocrius3
960 1577 1067 1638 cetera

107 1663 250 1746 egregia.
286 1661 364 1726 Auli
387 1662 472 1728 filius
494 1683 570 1727 uero
593 1663 639 1727 ita
662 1685 696 1728 se
719 1663 818 1748 gerit,
840 1667 878 1728 ut
900 1663 968 1727 eius
991 1683 1066 1727 oon·

108 1750 233 1813 solatus
257 1771 325 1814 non
348 1752 534 1815 consulatus
558 1749 613 1834 sit,
640 1751 695 1816 sed
717 1751 831 1837 Magni
853 1751 958 1816 nostri
979 1744 1066 1816 ὑπαί·
1183 1819 1186 1824 ,

108 1859 197 1901 acor.
225 1837 276 1902 De
291 1839 369 1902 meis
393 1838 519 1923 scriptis
543 1838 615 1902 misi
637 1839 679 1903 ad
701 1843 733 1904 te
747 1838 866 1904 Graece
888 1838 1093 1924 perlectumc

109 1927 315 1990 consulatum
343 1949 463 1991 meum:
500 1949 573 1991 eum
601 1927 720 1994 librum
747 1926 782 1992 L.
805 1925 953 1994 Cossinio
981 1927 1066 2010 dedi,

110 2018 188 2096 puto
210 2018 246 2078 te
268 2013 395 2079 Latinis
417 2015 496 2080 meis
520 2014 684 2099 delectari,
710 2016 786 2081 huic
814 2020 922 2080 autem
944 2014 1066 2080 Graeco

110 2099 268 2167 Graecum
289 2103 443 2168 invidere.
477 2101 544 2168 Alii
567 2104 594 2167 si
617 2105 817 2188 scripserint,
839 2104 1003 2168 mittemus
1026 2103 1067 2166 ad

110 2193 156 2274 te,
179 2191 250 2275 sed,
273 2191 353 2256 mihi
376 2191 481 2275 crede,
504 2191 599 2255 simul
613 2196 708 2276 atque
728 2192 791 2260 hoo
813 2194 960 2256 nostrum
982 2191 1067 2275 lege-

111 2283 200 2363 runt,
237 2280 347 2344 nescio
380 2302 443 2363 quo
472 2283 568 2364 pacto
591 2281 804 2344 retardantur.
848 2276 945 2343 Nunc
967 2282 1004 2342 ut
1027 2278 1093 2343 adr

111 2387 176 2431 rem
200 2375 307 2431 meam
329 2368 471 2452 redeam,
494 2367 530 2432 L.
552 2366 699 2452 Papirius
722 2366 856 2452 Paetus,
891 2367 1067 2432 virbonus

112 2459 300 2540 amatorque
322 2461 446 2537 noster,
468 2454 549 2521 mihi
570 2456 670 2521 libros
693 2477 758 2540 eos,
780 2477 861 2541 quos
885 2453 951 2520 Ser.
974 2454 1068 2521 Olau-

112 2542 181 2608 dius
195 2543 336 2628 reliquit,
358 2544 504 2628 donavit3
527 2566 626 2628 quum
642 2545 721 2609 mihi
733 2566 792 2630 per
805 2545 910 2629 legem
924 2541 1081 2631 Cinciam·

111 2631 204 2696 licere
230 2653 344 2715 capere
368 2629 497 2697 Cincius
521 2633 641 2697 amicus
667 2637 744 2697 tuus
772 2632 903 2718 diceret,
930 2632 1069 2698 libenter

112 2718 176 2783 dixi
189 2742 242 2784 me
257 2723 475 2805 accepturum,
499 2721 526 2785 si
541 2721 714 2787 attulisset:
736 2741 833 2805 nuno,
851 2721 878 2786 si
899 2740 951 2785 me
970 2743 1069 2805 amas,

112 2807 139 2870 si
161 2811 193 2872 te
217 2830 238 2872 a
260 2830 311 2874 me
335 2809 439 2873 amari
462 2809 537 2892 sois,
565 2809 685 2874 enitere
712 2831 770 2893 per
793 2809 912 2874 amicos
936 2810 1067 2874 clientes

112 2893 270 2981 hospites,
297 2897 431 2974 libertos
454 2896 591 2981 denique
615 2919 653 2962 ao
675 2893 784 2962 servos
806 2901 894 2981 tuos,
921 2901 959 2961 ut
981 2897 1069 2961 scida

113 3004 240 3068 nequa
268 2985 431 3070 depereat3
465 3007 541 3050 nam
569 2989 602 3050 et
629 2984 758 3050 Graecis
785 2986 825 3051 iis
851 2984 956 3067 libris,
988 3005 1068 3068 quos

113 3074 266 3158 suspicor,
289 3078 322 3139 et
335 3073 472 3158 Latinis,
494 3093 574 3158 quos
589 3074 655 3140 scio
677 3074 770 3139 illum
791 3073 966 3156 reliquisse,
988 3071 1070 3136 mihi

182 3319 234 3392 Ep.
254 3326 301 3392 20,
326 3326 352 3378 5.
384 3322 514 3377 nuntiari
535 3337 550 3375 e
572 3319 606 3375 G.
629 3319 662 3375 R.
686 3319 747 3388 (Ml
769 3335 798 3373 a.
821 3317 885 3386 Gli
917 3343 952 3358 -
984 3321 1070 3371 caera

114 3395 213 3463 corma
239 3393 328 3464 (W.)?
361 3423 394 3433 -
441 3393 474 3446 dc
504 3392 606 3447 nostris
635 3407 688 3447 cor.
721 3389 793 3457 (cdd.
827 3387 924 3442 Lamb.
957 3390 1070 3456 nonni?

117 3465 265 3608 iiffm
281 3483 317 3522 m.
338 3463 387 3532 (W
389 3465 416 3534 .).
434 3479 465 3532 a,
478 3479 513 3518 m.
532 3462 657 3557 (vulgo)?
695 3467 718 3514 l.
737 3459 823 3514 Nunc
831 3463 863 3512 ut
881 3458 955 3528 (W.).
973 3458 1022 3522 N,
1039 3461 1071 3510 at
