2582 3980
284 239 544 296 nrisnomaun
561 239 785 295 macunen
804 241 825 294 1.
846 247 887 296 rc.
1000 239 1068 306 633
1176 265 1180 272 ¹

107 384 196 450 enim
219 384 340 450 bellum
353 385 446 450 civile
462 385 526 450 fuit
538 385 574 449 in
587 388 699 450 nostra
712 405 749 449 re
770 384 899 468 publica
911 385 1067 470 omnium,

107 494 192 557 quae
215 473 369 538 memoria
385 494 458 538 mea
475 473 615 558 fuerunt,
637 473 672 536 in
687 494 753 557 quo
773 473 859 538 bello
881 493 958 558 non,
979 477 1065 538 utre-

107 582 245 644 cumque
277 583 352 646 pars
383 561 526 645 vicisset,
561 564 671 626 tamen
708 561 817 644 alique
846 560 952 627 forme
983 567 1067 627 esset

107 650 220 715 future
240 651 287 715 rei
316 650 478 736 publicae3
508 649 572 714 hoe
597 651 683 715 bello
710 650 848 714 victores
875 671 1066 733 quem-rem

107 738 272 822 publicam
308 739 408 802 simus
444 737 602 823 habituri,
637 759 705 803 non
741 737 834 802 facile
872 738 1067 824 affirmarim,

108 827 203 890 vietis
235 829 321 891 certe
352 827 443 891 nulla
469 848 622 911 umquam
649 827 718 891 erit.
763 825 839 892 Dixi
865 826 965 911 igitur
997 849 1068 892 sen·

109 915 229 980 tentias
252 915 287 978 in
310 913 506 999 Antonium,
529 915 595 980 dixi
617 915 652 979 in
675 914 832 999 Lepidum
855 936 991 998 severas,
1014 937 1067 979 ne-

110 1023 171 1086 que
194 1006 263 1067 tam
285 1002 459 1068 ulciscendi
483 1023 592 1086 eausa,
623 1025 721 1088 quam
743 1007 780 1067 ut
803 1007 836 1067 et
858 1003 893 1067 in
915 1023 1068 1086 praesens

110 1091 281 1157 sceleratos
305 1091 389 1157 cives
412 1092 526 1157 timore
541 1093 581 1156 ab
599 1091 821 1176 impugnanda
843 1092 949 1175 petria
966 1091 1067 1156 deter·
1163 1108 1167 1116 ·

108 1199 214 1244 rerem
236 1183 270 1244 et
295 1180 330 1244 in
357 1183 522 1264 posterum
551 1180 777 1246 documentum
806 1182 996 1263 statuerem,
1026 1191 1087 1244 ne'·

110 1268 182 1352 quis
205 1269 304 1333 talem
318 1268 493 1333 amentiam
506 1269 603 1333 vellet
615 1268 748 1332 imitari:
772 1289 966 1352 quemquam
988 1267 1068 1332 haee
1083 1285 1107 1325 11

110 1356 240 1440 quidem
255 1357 416 1422 sententia
429 1379 497 1422 non
515 1357 620 1442 megia
634 1378 705 1421 mea
719 1355 783 1420 fnit
795 1377 892 1440 quam
915 1357 1069 1440 omnium,

110 1445 147 1510 in
169 1466 233 1528 qua
255 1445 383 1512 videtur
403 1445 484 1510 illud
507 1466 576 1510 esse
599 1445 738 1528 crudele,
768 1445 854 1528 quod
871 1444 919 1508 'sd
941 1444 1069 1529 liberos,

111 1533 167 1616 qui
188 1533 271 1598 nihil
294 1538 490 1616 meruerunt,
511 1553 616 1618 poena
638 1533 800 1616 pervenit3
823 1532 879 1597 sed
892 1533 926 1597 id
940 1537 973 1597 et
987 1532 1068 1597 anti-

111 1643 211 1706 quum
237 1625 288 1686 est
314 1625 347 1686 et
375 1622 519 1687 omnium
550 1621 789 1705 civitatum,‚si
816 1621 945 1706 quidem
972 1622 1069 1686 etiam

112 1708 321 1776 Themistocli
343 1710 436 1774 liberi
459 1713 626 1796 eguerunt,
647 1713 689 1794 et,
713 1710 740 1776 si
757 1709 875 1776 iudicio
899 1711 1070 1775 damnatos

111 1797 224 1863 eadem
246 1819 352 1882 poene
375 1799 521 1884 sequitur
541 1799 644 1883 cives,
667 1800 722 1882 qui
744 1797 908 1883 potuimus
930 1799 1070 1863 leniores

111 1907 181 1950 esse
203 1887 239 1952 in
261 1886 394 1952 hostes?
426 1886 502 1970 quid
526 1891 634 1952 autem
657 1887 747 1970 queri
770 1887 939 1969 quisquam
962 1889 1071 1968 potest

112 1974 152 2038 de
174 1996 234 2058 me,
258 1975 322 2057 qui,
345 1975 372 2038 si
394 1975 532 2056 vicisset,
555 1973 749 2038 acerbiorem
763 1994 797 2036 ee
810 1974 846 2036 in
859 1993 910 2036 me
923 1973 1069 2036 futurum

111 2062 212 2128 fuisse
236 2061 427 2126 confiteatur
441 2081 572 2126 necesse
595 2060 666 2125 est?
689 2059 799 2124 Habes
812 2061 972 2124 rationem
985 2061 1069 2124 mea·

109 2171 184 2216 rum
208 2149 440 2212 sententiarum
463 2148 585 2214 dehoc
608 2167 724 2233 genere
747 2147 915 2212 dumtaxat
937 2147 1069 2213 honoris

111 2241 146 2304 et
177 2256 314 2321 poenae;
344 2258 434 2319 nam,
466 2237 504 2302 de
537 2236 650 2300 ceteris
681 2236 777 2301 rebus
809 2235 886 2320 quid
915 2235 1070 2300 senserim

112 2324 253 2410 quidque
276 2325 468 2408 censuerim,
499 2324 627 2389 audisse
652 2328 685 2388 te
714 2325 859 2389 arbitror.
901 2321 963 2389 Sed
990 2324 1070 2388 haec
1086 2343 1111 2381 ι»

112 2413 242 2498 quidem
263 2434 331 2478 non
353 2413 400 2478 ite
421 2413 615 2478 necessaria:
638 2412 718 2477 iilud
732 2413 823 2476 valde
846 2413 1071 2496 necessarium,

112 2500 228 2586 Brute,
263 2505 295 2566 te
325 2501 360 2565 in
391 2501 521 2566 Italiam
555 2522 630 2565 eum
662 2501 802 2566 exercitu
833 2500 943 2565 venire
975 2521 1072 2584 quam

111 2591 261 2674 primum.
307 2587 439 2656 Summa
461 2593 511 2654 est
537 2590 731 2672 exspectatio
754 2589 817 2672 tui3
848 2589 934 2672 quod
957 2590 985 2652 si
1007 2587 1071 2652 Ita·

112 2678 191 2742 liam
213 2678 374 2763 attigeris,
405 2677 447 2742 ad
472 2681 506 2742 te
535 2698 710 2742 concursus
732 2677 790 2741 fiet
812 2677 968 2742 omnium:
1005 2677 1072 2742 sive

73 2801 80 2817 v
113 2767 200 2832 enim
229 2767 399 2832 vicerimus
421 2802 465 2812 -
488 2767 543 2850 qui
566 2766 694 2850 quidem
716 2766 930 2850 pulcherrime
952 2766 1071 2830 vicera

112 2877 195 2938 mus,
217 2855 280 2920 nisi
293 2853 434 2939 Lepidus
456 2854 589 2939 perdere
603 2855 712 2920 omnia
726 2857 758 2918 et
780 2855 884 2938 perire
906 2853 976 2936 ipse
999 2872 1072 2918 cum

113 2943 180 3010 suis
212 2944 448 3028 concupivisset
469 2952 523 3028 -'-,
553 2947 610 3008 tua
641 2943 735 3008 nobis
768 2941 958 3006 auctoritate
991 2960 1072 3024 opus

113 3035 164 3096 est
191 3031 232 3096 ad
259 3032 481 3098 collocandum
508 3032 647 3116 eliquem
675 3030 815 3096 civitatis
838 3032 972 3112 statum3
1004 3028 1073 3093 sive
1125 3051 1126 3054 ¹

113 3120 212 3186 etiem
243 3141 330 3212 nune
362 3125 524 3186 certamen
552 3120 711 3204 reliquum
738 3121 800 3201 est,
831 3118 972 3182 maxime
999 3137 1072 3200 spes

112 3211 165 3272 est
187 3229 286 3292 quum
308 3209 343 3272 s'n
366 3209 556 3273 auctoritate
583 3211 654 3290 tua,
684 3210 755 3270 tum
781 3207 817 3269 in
845 3205 1001 3270 exercitus
1017 3204 1073 3270 tui

113 3296 246 3362 viribus.
291 3294 353 3362 Sed
376 3316 526 3381 propera,
548 3317 606 3380 per
628 3295 718 3361 deos!
749 3294 827 3378 scis,
850 3296 1007 3376 quantum
1030 3292 1073 3356 sit

113 3385 149 3448 in
172 3384 384 3468 temporibus,
407 3384 621 3466 quantumin
644 3382 814 3447 celeritate.
849 3379 975 3448 Sororis
998 3384 1072 3445 tuae
1087 3395 1113 3437 ιε

113 3473 188 3538 filiis
212 3494 308 3557 quem
332 3470 503 3557 diligenter
526 3471 701 3555 consulam,
726 3491 819 3554 spero
842 3473 876 3534 te
899 3490 937 3554 ex
960 3468 1072 3534 matris

114 3564 148 3626 et
180 3582 219 3624 ex
251 3560 369 3626 sororis
408 3559 524 3623 litteris
556 3559 772 3645 cogniturum:
814 3579 877 3644 qua
908 3559 944 3622 in
976 3577 1073 3622 cause
