2522 3960
220 185 483 242 EPISTULARUM
501 185 550 240 AD
569 185 734 240 ATTIOUM
751 185 798 240 Vl.
819 191 844 240 3.
947 183 1013 250 209

60 334 208 415 nonest,
237 331 323 415 quod
352 351 413 417 ego
440 330 563 395 nemini
588 329 688 394 tribui
709 329 919 416 negotiatori,
945 351 1014 395 non

60 415 90 483 Ο.
112 417 299 503 Vennonio,
331 440 403 484 meo
432 418 598 502 familiari,
624 439 693 484 non
714 421 785 503 tuo,
816 417 860 482 M.
883 417 1015 503 Laenio,

59 510 96 589 et,
118 508 203 592 quod
224 508 286 572 tibi
299 507 424 572 Romae
446 507 649 573 ostenderam
672 529 723 571 me
747 507 1015 592 servatumm,'in

60 615 94 659 eo
124 597 336 680 perseveravi.
382 593 443 661 Sed
480 595 557 680 quid
592 595 713 679 poterit
749 595 839 679 queri
874 595 916 679 is,
950 595 1015 679 qui,

61 683 180 748 anferre
212 685 384 768 pecuniam
416 706 515 768 quum
551 686 674 769 posset,
709 682 837 748 noluit?
875 681 1015 768 Scaptio,

61 772 111 855 qui
133 773 167 836 in
190 769 396 857 Cappadocia
417 772 489 856 fuit,
511 775 591 856 puto
614 793 684 837 esse
707 772 921 837 satisfactum:
944 772 972 835 is
995 793 1015 835 a

60 881 107 922 me
124 861 326 928 tribunatum
346 883 445 945 quum
462 860 652 944 accepisset,
674 881 770 945 quem
786 881 847 947 ego
868 881 908 924 ex
920 857 1016 924 Bruti

61 947 170 1013 litteris
194 949 225 1015 ei
248 949 448 1034 detulissem,
477 953 592 1034 postea
622 949 751 1033 scripsit
772 949 814 1013 ad
836 970 887 1013 me
911 969 944 1013 se
967 948 1015 1012 uti

61 1037 142 1102 nolle
164 1058 202 1104 eo
222 1038 410 1103 tribunatu.
455 1036 574 1102 Gavius
597 1036 814 1122 estquidam,
841 1036 893 1102 cui
916 1053 1041 1121 quumo

61 1125 291 1206 praefecturam
305 1126 492 1191 detulissem
504 1125 599 1191 Bruti
612 1129 739 1211 rogatu,
761 1126 864 1190 multe
881 1129 914 1190 et
936 1124 1017 1189 dixit

63 1215 93 1276 et
124 1213 202 1280 fecit
233 1235 306 1280 cum
338 1215 477 1299 quadam
509 1237 583 1280 mea
617 1215 814 1280 contumelia
844 1213 880 1278 P.
911 1211 1016 1279 Clodii

63 1301 155 1367 cenis.
198 1302 232 1368 Is
263 1325 315 1368 me
346 1325 407 1368 nec
443 1303 700 1388 proficiscentem
732 1302 911 1387 Apameam
943 1323 1015 1387 pro·

64 1393 184 1456 secutus
216 1395 267 1456 est
297 1411 371 1477 nec,
402 1413 502 1476 quum
532 1395 647 1476 postea
677 1390 713 1456 in
740 1395 846 1456 castra
875 1391 1017 1456 venisset

64 1479 260 1652 uuus
275 1479 1017 1652 urtutiusiurandum

67 1675 121 1740 ego
144 1657 228 1722 siin
250 1657 421 1741 praefectis
444 1657 638 1741 habuissem,
661 1677 756 1741 quem
779 1660 816 1721 tu
838 1677 889 1721 me
911 1655 1014 1721 homi·

66 1763 135 1807 nem
146 1746 300 1829 putares?
323 1746 387 1832 qui,
400 1749 438 1811 ut
451 1746 523 1830 scis,
536 1745 834 1830 potentissimorum
847 1745 1016 1811 hominum

67 1835 295 1899 contumaciam
321 1856 498 1919 numquam
524 1833 667 1918 tulerim,
697 1834 816 1898 ferrem
842 1832 940 1898 huius
967 1854 1016 1897 as·

68 1921 205 1986 seculae?
228 1922 291 1987 etsi
303 1922 366 1989 hoc
388 1924 462 2009 plus
476 1925 526 1988 est
539 1944 636 2007 quam
649 1922 743 2007 ferre,
764 1922 904 1986 tribuere
919 1922 1018 1986 etiam

69 2007 206 2074 beneficii
229 2011 351 2095 aliquid
374 2015 407 2076 et
427 2011 571 2077 honoris.
598 2010 631 2075 ls
653 2010 754 2096 igitur
767 2009 896 2093 (iarius,
918 2030 1018 2093 quum
1126 2047 1129 2052 ·
1214 2055 1218 2062 =

70 2095 223 2180 Apameae
255 2122 307 2164 me
338 2121 442 2185 nuper
472 2101 605 2165 vidisset
635 2099 774 2164 Romam
803 2097 1018 2182 proficiscens,

70 2205 115 2248 me
127 2187 171 2252 ila
185 2189 368 2273 appellavit,
389 2193 426 2254 ul
442 2185 622 2254 Culleolum
635 2187 690 2252 vix
703 2187 866 2252 auderem:
888 2182 1019 2271 „unde,“

69 2272 179 2359 inquit,
210 2299 284 2361 „me
311 2277 403 2342 iubes
429 2280 539 2362 petere
566 2276 687 2342 cibaria
713 2273 912 2360 praefecti?“
955 2273 1017 2338 Re·

71 2364 176 2445 spondi
188 2366 303 2450 lenius,
317 2387 414 2450 quam
427 2366 588 2451 putabant
601 2364 792 2450 oportuisse,
806 2363 861 2448 qui
875 2362 1018 2447 aderant,

71 2471 200 2518 menon
223 2453 402 2520 instituisse
424 2455 465 2519 iis
488 2455 565 2518 dare
595 2453 729 2537 cibaria,
760 2475 897 2538 quorum
920 2474 1019 2536 opera

71 2559 130 2604 non
163 2562 267 2606 essem
302 2557 392 2608 usus:
428 2543 510 2608 abiit
544 2542 655 2607 iratus.
704 2541 810 2607 Huius
846 2541 1045 2606 nebulonis!

72 2629 206 2695 oratione
230 2631 258 2696 si
276 2630 399 2696 Brutus
421 2631 543 2697 moveri
564 2633 681 2714 potest,
702 2629 812 2695 licebit
835 2651 908 2695 eum
931 2631 1019 2695 solus

73 2735 161 2802 ames,
192 2739 244 2783 me
276 2721 437 2785 aemulum
464 2741 532 2785 non
558 2718 707 2803 habebis3
739 2718 795 2784 sed
826 2719 918 2784 illum
945 2740 1019 2784 eum

72 2802 205 2871 murum
237 2829 307 2873 esse
338 2811 432 2893 puto,
469 2808 524 2893 qui
556 2829 624 2874 esse
656 2806 760 2873 debet.
804 2807 878 2872 Tibi
908 2811 1019 2871 tamen

72 2911 191 2960 causam
222 2899 335 2960 notam
363 2918 432 2961 esse
459 2895 548 2962 volui
575 2900 608 2960 et
635 2895 676 2960 ad
703 2897 809 2981 ipsum
840 2895 922 2960 haec
947 2916 1018 2978 per·

72 2982 474 3138 scripsuilldiligentissime.d
487 2983 640 3136 Omrrlijntetre
651 3020 694 3030 —
718 2983 1019 3136 soli,te11131mplumus

72 3092 569 3248 prodimeasqullddldiffldearlplplid,
598 3093 791 3246 inrplsuifflp
805 3092 1019 3226 noduinse’ssldi

132 3315 182 3387 Ep.
201 3321 233 3386 a,
251 3322 276 3372 o.
304 3322 343 3385 et,
369 3320 442 3390 qaod
457 3362 463 3375 .
479 3363 485 3375 .
502 3335 583 3386 ,ειη
606 3319 690 3384 loeo
707 3331 811 3386 perseo.
835 3315 957 3384 (Ursini.
993 3319 1020 3370 et

72 3399 122 3452 q...
134 3403 186 3455 .a.,·
203 3390 236 3442 ire
253 3405 306 3458 quo
320 3405 351 3457 p.
370 3390 465 3460 Mur,
483 3389 623 3458 Wurzeb.,
642 3389 672 3444 B.
717 3395 741 3442 6.
766 3388 893 3456 Apamea
914 3386 971 3454 (W.
984 3388 1019 3458 get

72 3453 169 3527 Barsa
187 3489 221 3498 -—
240 3461 399 3529 appellavit,
417 3467 449 3518 ut
467 3461 496 3518 0.
515 3478 540 3518 v.
559 3477 600 3516 a:
616 3459 707 3528 „uude
726 3457 819 3528 (Son).
845 3476 872 3513 a.
890 3487 926 3498 -
945 3456 974 3512 0.
992 3473 1017 3512 v.

73 3541 94 3579 a.
109 3549 154 3580 —:
170 3531 263 3596 ‚made
280 3531 374 3602 vulgo.
470 3554 475 3563 ·

116 3623 227 3670 ciceroni·
240 3627 305 3678 epist.
318 3629 350 3671 Π.
825 3620 859 3670 14
