2574 3966
95 243 102 250 -
222 208 482 264 EPISTOLARUM
499 208 549 264 AD
567 209 732 266 ATTICUM
750 210 811 266 XII.
829 215 943 264 ae-ta.
988 205 1055 271 459

89 350 267 418 Caesonem
293 353 380 420 mitti
409 353 503 420 video
532 353 594 420 tibi
625 356 765 438 plaeere:
797 353 874 438 quid
905 351 1055 437 quaen's‘?

88 441 176 508 mihi
199 463 327 526 quoque
349 442 412 506 hoo
431 441 517 508 idem
530 443 668 508 maxime
690 442 821 528 plaouit‚
843 445 876 508 et
890 463 928 506 eo
942 440 1056 526 magis,

89 530 181 614 quod
213 530 296 596 nihil
326 533 378 594 est
407 529 444 594 in
475 552 526 615 ea,
557 530 621 596 nisi
653 531 767 614 optimi
799 530 891 614 ciuis,
921 529 984 607 sed¹
1009 529 1057 594 ita

89 618 221 703 optimi,
242 623 281 685 ut
300 623 376 686 ant
386 622 542 703 tempora,
564 619 681 703 quibus
703 639 816 703 parere
830 639 941 684 omnes
963 621 1057 683 πολι-

88 703 181 772 τικοὶ
203 707 419 791 praecipiunt3
442 707 498 772 sed
521 708 583 772 seis
605 707 653 774 ita
674 707 769 776 nobis
792 727 861 772 ease
884 707 998 791 uisum,
1019 709 1058 770 ut
1095 735 1102 748 ·

89 795 150 860 isti
178 798 254 860 ante
280 796 439 880 legerent:
470 798 508 862 tu
533 796 633 881 igitur
659 796 692 861 id
720 794 862 880 curabie3
893 793 962 879 sed,
992 792 1057 858 nisi

89 884 192 967 plane
219 883 260 949 iis
286 883 450 969 intelliges
480 884 620 969 plaeere,
651 884 810 950 mittenda
836 905 904 949 non
930 884 993 966 eet,
1023 881 1058 948 id

91 974 208 1036 autem
234 975 343 1038 utrum
369 971 417 1038 illi
445 974 600 1056 sentient,
633 994 717 1038 anne
745 973 910 1057 simulent,
940 974 978 1036 tu
1008 970 1057 1036 in-

90 1059 239 1146 telliges:
280 1061 360 1124 mihi
396 1061 558 1127 simulatio
594 1082 653 1144 pro
689 1061 911 1145 repudiatione
946 1058 1058 1142 fuerit3

89 1148 196 1213 τοῦτο
220 1143 257 1212 δὲ
279 1144 425 1235 μηλῶσῃ.
469 1149 518 1215 De
542 1146 698 1216 Caerellia
720 1147 796 1234 quid
825 1148 886 1213 tibi
908 1147 1085 1233 placerent

91 1235 174 1301 Tiro
198 1236 278 1300 mihi
300 1238 457 1304 narravit:
482 1237 596 1303 debere
610 1258 678 1304 non
692 1259 761 1303 esee
776 1236 944 1323 dignitatis
958 1256 1057 1320 meae,

91 1325 364 1409 perscriptionem
385 1326 446 1391 tibi
467 1327 607 1411 plaeere:

173 1447 237 1514 hoe
259 1452 414 1534 metuere,
437 1450 574 1516 alterum
595 1451 631 1516 in
653 1454 741 1515 metu
763 1471 830 1515 non
853 1469 982 1533 ponere.

93 1569 161 1638 Sed
185 1570 302 1638 etheo
324 1577 358 1639 et
378 1574 481 1640 multa
495 1573 559 1640 alia
581 1595 705 1658 eoram3
728 1570 917 1640 sustinenda
938 1575 1058 1654 tamen,

94 1661 124 1726 ei
156 1660 219 1725 tibi
249 1660 422 1748 videbitur,
454 1661 573 1728 solutio
604 1667 656 1728 est
685 1661 826 1728 nominis
858 1658 1058 1745 Caerelliani,

95 1749 175 1814 dum
199 1752 232 1814 et
254 1749 293 1815 de
315 1747 445 1817 Melone
468 1755 502 1816 et
524 1751 563 1816 de
584 1749 722 1818 Faberio
746 1751 893 1817 sciamus.

549 1945 619 2012 LII.

229 2063 286 2120 Sor.
305 2064 335 2120 in
352 2065 513 2120 Tueouleno
531 2081 627 2121 meme
644 2064 720 2120 Maio
739 2081 764 2118 a.
782 2079 810 2120 u.
829 2079 852 2118 e.
874 2066 932 2116 709.

370 2169 519 2226 CICERO
535 2169 687 2226 ATTICO
705 2167 788 2225 SAL.

166 2277 203 2343 L.
227 2277 367 2344 Tullium
390 2278 584 2345 Montanum
606 2278 707 2364 nosti,
730 2277 880 2365 quicum
903 2271 1058 2340 Cicerone
1084 2297 1109 2314 ··

98 2366 264 2452 profectus
291 2371 354 2432 eet:
387 2367 427 2432 ab
455 2367 523 2432 eius
550 2367 670 2434 sororis
697 2365 767 2432 viro
792 2365 919 2430 litterae
951 2361 1060 2444 accepi

98 2455 295 2522 Montanum
308 2455 576 2540 Plancodebere,
599 2453 684 2539 quod
706 2475 800 2539 praee
822 2475 882 2538 pro
898 2448 1059 2518 Flaminio

5 2607 10 2638 ‚
99 2545 156 2631 sit,
177 2542 252 2625 ¹HS.
273 2561 344 2628 ης
376 2544 415 2609 de
443 2565 481 2609 ee
506 2566 542 2610 re
568 2543 677 2609 nescio
700 2542 777 2627 quid
803 2547 836 2608 te
859 2565 879 2607 a
901 2540 1059 2607 Montano

38 2701 41 2719 ¹
97 2636 261 2720 rogatum.
305 2629 389 2697 Sene
416 2632 525 2718 uelim,
557 2632 624 2697 eive
652 2631 792 2697 Plancus
820 2635 869 2697 est
894 2627 1059 2715 rogandus

99 2722 168 2787 sive
191 2741 255 2804 que
275 2741 311 2785 re
333 2723 427 2806 poteo
447 2721 538 2786 illum
561 2721 684 2805 iuvare,
710 2719 813 2787 iuves:
848 2718 990 2805 pertinet
1019 2713 1060 2780 ad

98 2811 250 2874 nostrum
264 2808 414 2874 officinm.
442 2807 476 2875 si
497 2830 549 2873 ree
571 2807 632 2873 tibi
654 2808 738 2874 forte
760 2809 869 2875 notior
891 2809 942 2873 eet
964 2824 1060 2888 quam

98 2897 181 2962 mihi
204 2900 266 2964 aut
292 2897 320 2962 ei
342 2895 499 2977 Blanoum
524 2897 705 2983 rogandum
732 2900 842 2982 putes,
869 2893 992 2961 scribae
1019 2891 1060 2955 ad

98 3007 150 3050 me
175 2985 280 3070 velim,
301 2988 347 3071 ut,
370 2986 446 3071 quid
459 2986 506 3051 rei
520 2987 563 3051 eit
584 2989 618 3050 et
640 2985 717 3070 quid
738 2983 930 3071 rogandum,
952 2981 1060 3046 seiam.

97 3073 149 3140 De
173 3073 311 3159 epistola
333 3073 375 3140 ed
397 3072 567 3141 Caesarem
589 3073 666 3158 quid
689 3074 803 3160 egeris,
825 3073 984 3156 exspecto.
1010 3068 1087 3135 De*

171 3266 222 3337 Ep.
243 3272 286 3334 51,
305 3274 331 3322 2.
355 3271 387 3322 at
403 3271 469 3322 eunt
485 3271 563 3335 teano.
584 3266 640 3334 (W.
658 3267 688 3320 et
705 3265 825 3333 Mosen).
862 3264 906 3318 An
923 3269 956 3317 at
973 3268 992 3318 t.
1006 3279 1059 3330 pa·

97 3339 211 3392 liuntur
228 3338 274 3394 uel
297 3339 392 3404 format
412 3337 459 3392 uel
476 3337 622 3406 postulant
645 3336 730 3405 (Wlt
763 3365 796 3376 -
827 3335 875 3389 aed
896 3335 949 3388 aeis
971 3335 1012 3388 ito
1030 3349 1058 3388 a.

98 3409 167 3479 (Zb.‚
185 3407 204 3465 l.
223 3423 251 3462 e:
275 3409 323 3476 Zl.‚
342 3410 383 3478 1.).
410 3407 457 3463 eod
473 3409 500 3462 ai
516 3425 544 3462 a.
562 3407 621 3461 Ml.
644 3407 691 3461 aed
708 3407 774 3461 seito
792 3406 834 3460 ita
851 3422 878 3459 a.
897 3404 957 3472 Me,
975 3403 1006 3458 R.
1027 3403 1057 3457 B.

98 3509 133 3520 -
152 3479 246 3535 debere
259 3480 284 3533 ei
297 3494 353 3534 noo
371 3478 440 3547 (W.;
460 3479 485 3532 ei
502 3479 529 3532 cl.
547 3495 576 3532 a.
594 3477 642 3546 l.)?
679 3483 704 3531 3.
723 3476 777 3531 Sed
795 3480 820 3530 et
833 3476 882 3530 too
900 3475 975 3544 (W.).
994 3490 1015 3529 e.
1034 3478 1059 3528 et

97 3551 164 3605 haec
182 3551 275 3618 vulgo.
312 3549 363 3618 Ep.
379 3553 422 3617 52,
442 3555 466 3602 1.
485 3547 630 3603 Flaminio
648 3552 713 3602 eeaet
732 3547 818 3617 (W‚)?
