2582 3980
160 329 163 334 ,
245 274 311 341 588
452 308 455 315 ·
528 274 565 330 Μ.
585 271 709 330 TULLII
727 271 921 330 CICERONIS

690 467 779 554 vn(
839 492 845 496 ·
973 519 981 532 ·

282 610 401 684 Scripsit
418 610 556 681 navigans
574 610 610 664 ad
629 608 830 680 Pompeianum
848 624 873 663 s.
888 609 914 664 d.
934 608 1007 665 XIV.
1026 609 1171 665 Kalendas

530 680 707 751 Septembres
726 695 750 735 a.
770 699 797 738 u.
816 697 840 736 o.
859 687 918 736 710.

518 785 667 842 cronno
684 759 835 847 rbrroo
853 785 936 842 sin.

217 913 231 956 r
311 894 480 962 vm.1dus
504 894 613 961 Sertil.
640 918 739 981 quum
767 911 787 961 e
809 892 1010 980 Leucopetra
1039 894 1205 980 profectus

245 1020 288 1034 -
311 984 387 1050 inde
413 984 500 1050 enirn
526 984 746 1050 tramittebam
776 1019 818 1032 —
847 983 952 1050 stadie
978 983 1106 1048 circiter
1132 999 1206 1050 ccc.

244 1073 485 1158 processissem,
523 1073 660 1138 reiectus
693 1095 764 1138 sum
800 1076 911 1139 austro
947 1071 1131 1138 vehementi
1164 1071 1204 1136 cd

244 1159 393 1228 eandem
412 1159 654 1247 Leucopetram.
703 1160 755 1227 Ibi
791 1184 889 1246 quum
925 1165 1059 1226 ventum
1096 1182 1204 1245 exspe-

245 1255 367 1316 ctarem
392 1286 430 1298 -
456 1253 526 1317 erat
552 1251 638 1316 enirn
660 1250 738 1316 villa
758 1249 883 1334 Valerii
904 1249 1022 1334 nostri,
1051 1251 1090 1315 nt
1111 1248 1203 1314 Iami-

244 1339 368 1405 liariter
381 1361 484 1406 essem
498 1342 530 1404 et
551 1339 689 1405 libenter
703 1375 756 1424 -,
768 1337 887 1425 Regini
900 1337 1040 1426 quidam¹
1062 1337 1204 1403 illustres

244 1428 409 1513 homines,
437 1450 477 1494 eo
499 1431 658 1493 venerunt
679 1425 784 1492 Roma
812 1449 889 1492 sane
917 1430 1075 1510 recentes,
1107 1426 1142 1491 in
1165 1427 1204 1491 iis

244 1513 340 1583 Bruti
361 1517 466 1582 nostri
485 1516 613 1602 hospes,
633 1516 688 1601 qui
701 1515 839 1586 Brutum
852 1513 991 1600 Neapoli
1013 1515 1204 1599 reliquisset

244 1602 335 1672 Haeo
349 1603 537 1671 afferebant:
561 1604 700 1670 edictum
713 1602 807 1669 Bruti
821 1608 854 1668 et
868 1602 983 1688 Cassii,
1006 1608 1040 1668 et
1058 1603 1129 1669 iore
1142 1603 1204 1668 fre-

245 1696 397 1780 quentem
411 1697 559 1758 senatum
572 1692 741 1778 Kalendis,
755 1715 774 1757 a
787 1691 889 1758 Bruto
905 1696 937 1758 et
951 1691 1064 1758 Cassio
1079 1693 1204 1758 litteras
1287 1725 1288 1732 ἒ

244 1781 360 1846 missas
384 1781 424 1845 sd
447 1782 632 1847 consulares
655 1785 688 1846 et
706 1781 899 1867 praetorios,
921 1784 958 1846 ut
980 1781 1133 1846 adessent
1155 1804 1203 1848 ro

245 1891 331 1955 gare.
368 1867 534 1936 Summam
548 1891 639 1956 spem
660 1869 865 1954 nuntiabant,
887 1870 967 1952 fore,
988 1874 1025 1936 ut
1039 1869 1203 1936 Antonius

245 1959 380 2044 cederet,
402 1980 453 2023 res
476 1960 675 2042 conveniret,
697 1959 801 2024 nostri
814 1958 953 2024 Romam
969 1958 1128 2043 redirent;
1150 1959 1202 2023 ad-

245 2047 366 2114 debant
378 2047 476 2114 etiam
494 2068 546 2112 me
560 2047 741 2131 desiderari,
760 2047 973 2113 subaccusari.
1000 2045 1091 2124 Quae
1106 2068 1201 2132 quum
1286 2119 1287 2130 χ

245 2136 414 2222 audissem,
437 2136 507 2202 sine
529 2135 596 2201 ulla
610 2135 810 2201 dubitatione
825 2135 927 2201 abieci
945 2135 1118 2202 eonsilium
1132 2158 1201 2222 pro

243 2224 403 2308 fectionis,
425 2245 489 2308 quo
503 2223 683 2289 mehercule
696 2245 738 2290 ne
752 2228 848 2289 antea
862 2223 991 2309 quidem
1004 2224 1202 2307 delectabar3

217 2311 335 2378 clectis
363 2333 438 2378 uero
465 2313 531 2377 tuis
558 2313 673 2378 litteris
701 2311 877 2378 admiratus
905 2312 1052 2397 equidem
1076 2334 1149 2378 sum
1171 2317 1202 2377 te

243 2403 312 2466 tam
338 2401 545 2466 vehementer
571 2401 764 2466 sententiam
791 2405 1020 2486 commutasse,
1051 2402 1202 2467 sednon
1285 2457 1286 2460 ,

244 2490 314 2554 sine
327 2509 425 2555 causa
438 2489 631 2555 arbitrabar:
651 2489 720 2574 etsi,
734 2490 881 2574 quamvis
894 2511 961 2555 non
974 2489 1075 2554 fueris
1089 2513 1202 2555 suasor

244 2582 277 2642 et
289 2576 445 2661 impulsor
459 2578 667 2662 profectionis
680 2599 778 2663 meae,
792 2578 988 2662 approbator
1002 2581 1089 2646 certe
1102 2578 1202 2664 fuiss,

244 2663 417 2730 dummodo
431 2665 504 2732 Kal.
517 2665 586 2733 Ian.
599 2665 722 2731 Rornae
737 2686 854 2750 esscm;
876 2668 922 2730 ita
936 2666 1043 2752 fiebat,
1057 2671 1103 2752 ut,
1127 2667 1202 2732 dum

243 2753 351 2818 minus
364 2753 498 2839 periculi
512 2753 681 2838 videretur,
704 2753 858 2839 abessem,
871 2755 906 2820 in
919 2753 1085 2823 flammam
1097 2757 1201 2841 ipsam

243 2842 395 2908 venirem.
440 2839 503 2908 Sed
523 2842 618 2927 haec,
641 2843 767 2908 etiamsi
788 2864 857 2908 non
879 2844 1070 2929 prudenter,
1091 2848 1201 2910 tamen
1284 2855 1285 2860 ’

244 2923 427 3016 ἀνεμέσητα
450 2935 535 3015 sunt,
556 2933 696 3017 primurn
710 2930 796 3015 quod
815 2931 854 2996 de
867 2953 940 2997 mes
953 2932 1117 3000 sententia
1130 2938 1200 2998 acts

245 3022 329 3104 sunt,
352 3018 476 3104 deinde,
499 3020 625 3086 etiamsi
638 3024 671 3084 te
685 3024 825 3104 auctore,
839 3021 916 3105 quid
930 3020 1034 3104 debet,
1056 3021 1113 3106 qui
1127 3043 1200 3087 con·

216 3107 353 3173 ⁸silium
376 3108 441 3194 dat,
462 3112 625 3193 praestare
647 3112 775 3192 praeter
797 3109 916 3174 fidem?
945 3109 1026 3174 illud
1049 3109 1199 3175 admirari

245 3195 323 3261 setis
350 3216 418 3262 non
445 3197 550 3281 potui,
582 3197 667 3281 quod
695 3197 853 3281 scripsisti
879 3197 931 3263 his
958 3198 1078 3263 verbis:
1109 3198 1199 3283 „reni

161 3304 164 3310 ·
243 3284 344 3368 igitur
356 3287 403 3369 tu,
425 3284 480 3370 qui
494 3279 712 3370 εὖθανασίαν,
733 3286 822 3351 veni:
844 3286 1005 3371 relinques
1021 3287 1199 3372 petriam?“

314 3472 366 3556 Ep.
386 3478 410 3542 7,
431 3481 454 3529 1.
476 3475 534 3558 ῥα.
553 3477 788 3546 raumaricae.
818 3469 1002 3562 (luceatis
1031 3484 1056 3534 3.
1083 3480 1163 3563 „omi
1178 3480 1197 3531 ι’.

245 3543 285 3606 Iu,
302 3559 351 3664 Bm
370 3538 402 3609 I,
419 3561 495 3626 oeae:
512 3563 535 3601 r.
555 3547 615 3628 (rc,
629 3547 701 3629 bo:
720 3548 768 3617 Z..)
786 3565 878 3632 „utar
895 3555 936 3616 tu,
953 3567 1002 3632 qur
1016 3545 1049 3616 i,
1066 3551 1198 3619 relinques

243 3623 264 3676 p
296 3613 305 3675 (
330 3630 370 3665 rn.
390 3630 470 3682 corp,
497 3614 546 3670 sed
567 3633 592 3670 rs
614 3617 761 3687 rclsnpum
787 3619 922 3690 celsaque
939 3620 958 3675 l.
981 3638 1011 3675 ns
1029 3636 1053 3676 c.
1071 3621 1106 3676 II.
1125 3623 1154 3676 et
1171 3619 1197 3674 b.
