2590 3964
217 250 474 309 EPISTOLARUM
492 253 542 308 AD
560 254 723 309 ATTICUM
741 255 787 310 IV.
808 263 832 310 3.
943 255 1006 322 127

77 400 194 480 temptas
224 397 321 462 furor.
366 396 516 462 Metellus
548 401 658 464 tamen
688 400 846 484 postulat,
876 402 914 465 ut
946 401 1008 464 sibi
1090 428 1092 431 ¹

77 489 182 568 postero
205 485 312 551 disin
338 485 411 550 foro
440 486 662 551 obnuntietur:
697 487 780 551 nihil
807 509 889 571 esse,
921 489 1007 573 quod

77 574 102 636 in
131 595 271 658 campum
305 576 401 638 nocte
436 573 613 658 veniretur,
649 596 683 640 se
718 575 799 640 hora
835 577 939 660 prima
972 577 1008 642 in

78 661 183 727 comitio
213 661 292 727 fore.
336 660 451 746 ltaque
479 662 663 727 antediem
689 679 735 727 x1.
757 662 829 728 Kal.
852 665 888 730 in
910 664 1007 730 comi·

77 749 139 812 tium
166 748 243 815 Milo
276 749 315 814 de
346 753 441 815 nocte
472 751 575 815 venit:
617 749 767 816 Metellus
800 773 873 816 cum
903 753 1008 836 prima

76 836 129 902 luce
159 837 269 903 furtim
286 837 339 902 -in
375 859 525 922 campum
565 838 734 904 itineribus
770 861 871 924 prope
907 841 1007 905 deviis

77 926 211 1010 currebat,
234 926 416 1010 assequitur
438 927 525 991 inter
545 927 635 992 lucos
658 926 823 992 hominem
840 927 929 1011 Milo,
952 929 1009 992 ob·

76 1014 194 1098 nuntat3
223 1015 278 1079 ille
312 1036 345 1078 se
372 1015 494 1098 recepit
519 1035 640 1100 magno
667 1019 701 1079 et
726 1015 814 1099 turpi
842 1015 878 1092 Q.
900 1015 1009 1080 Flacci

77 1103 203 1168 convicio.
229 1101 319 1167 Ante
333 1102 418 1167 diem
433 1120 465 1168 x.
479 1102 552 1167 Kal.
575 1103 751 1168 nundinae:
775 1104 887 1168 concio
909 1104 1008 1168 biduo

76 1190 152 1254 nulla
191 1190 278 1256 Ante
316 1190 400 1256 diem
430 1209 501 1255 vm.
527 1190 600 1256 Kal.
628 1191 709 1256 haec
736 1211 797 1276 ego
829 1191 1035 1256 scribebam

77 1275 139 1341 hora
157 1281 260 1344 noctis
281 1301 385 1344 nona:
407 1278 487 1344 Milo
506 1300 655 1363 eampum
668 1280 733 1344 iam
754 1280 900 1362 tenebat3
922 1279 1007 1344 Mar·

77 1365 153 1430 celtus
185 1368 375 1432 candidatus
411 1368 458 1432 ita
501 1368 669 1452 stertebat,
709 1372 746 1432 ut
787 1389 847 1454 ego
883 1367 1009 1433 vicinus

78 1453 207 1540 andnam,
231 1454 338 1522 Olodii
355 1455 550 1520 vestibulum
563 1477 701 1521 vacuum
722 1477 800 1520 sane
823 1455 904 1520 mihi
926 1479 1008 1522 nun·

77 1541 201 1628 liabetur,
222 1545 336 1629 paucis
358 1544 514 1628 pannosis
534 1543 622 1608 linea
644 1545 806 1626 lanterna3
836 1566 908 1609 meo
932 1565 1008 1609 con·
1045 1577 1047 1588 ·

78 1628 131 1694 silio
155 1633 258 1698 omnia
285 1633 334 1696 illi
361 1632 430 1696 fieri
457 1632 675 1715 querebantur
700 1632 820 1717 ignari,
851 1635 1009 1717 quantum

78 1715 166 1784 inillo
186 1721 284 1786 heroii
308 1723 394 1784 esset
420 1720 533 1804 animi,
563 1723 721 1805 quantum
747 1721 845 1785 etiam
873 1721 1008 1786 consilii.

78 1800 200 1872 Miranda
225 1809 330 1874 virtus
360 1812 418 1873 est.
461 1807 557 1873 Nova
580 1807 737 1892 quaedam
764 1809 873 1874 divina
899 1809 1009 1891 mitt03

79 1893 119 1956 sed
139 1895 212 1961 haec
240 1919 369 1962 summa
396 1899 457 1960 est:
494 1897 624 1961 comitia
654 1896 724 1961 iore
756 1918 824 1962 non
856 1897 1008 1980 arbitror3

79 1997 148 2046 reum
158 1983 316 2068 Publium,
338 1985 402 2049 nisi
424 1988 500 2050 ante
524 1985 646 2050 occisus
669 1985 739 2068 erit,
761 1985 831 2050 fore
854 2007 874 2048 a
887 1983 1009 2049 Milone

80 2073 152 2154 puto;
181 2073 206 2137 si
228 2095 262 2137 se
286 2073 324 2136 in
345 2073 442 2138 turba
464 2072 494 2137 ei
520 2073 586 2137 iam
609 2072 776 2156 obtulerit,
808 2073 947 2137 occisum
970 2072 1011 2136 iri

80 2155 188 2243 abipso
208 2160 334 2226 Milone
356 2161 464 2226 video:
495 2182 564 2225 non
586 2160 714 2224 dubitat
734 2161 853 2244 facere,
875 2180 952 2243 prae
976 2181 1010 2224 se

64 2241 138 2328 'fert3
169 2269 276 2314 casum
303 2249 396 2314 illum
422 2252 570 2314 nostrum
599 2270 667 2313 non
697 2248 887 2331 extimescit,
919 2269 1010 2310 num-

80 2351 154 2412 quam
186 2339 271 2402 enim
309 2337 496 2422 cuiusquam
527 2337 629 2402 invidi
660 2339 694 2399 at
728 2335 845 2420 perfidi
876 2335 1010 2400 consilio

80 2423 117 2482 est
133 2445 238 2491 usurus
261 2446 323 2490 nec
345 2425 443 2490 inerti
464 2425 566 2490 nobili
589 2423 776 2489 crediturus.
809 2422 879 2489 Nos
901 2424 1038 2489 animoa

80 2505 221 2578 dumtaxat
242 2515 404 2600 vigemus,
426 2513 524 2578 etiam
546 2513 660 2597 magis,
681 2531 776 2595 quom
798 2533 897 2596 quum
918 2511 1010 2577 flore-

79 2591 182 2684 bimus,
212 2623 247 2666 re
274 2601 428 2666 familiari
454 2601 643 2668 comminuti
675 2621 794 2665 sumus.
839 2599 875 2676 Q.
901 2600 1011 2665 fratris

80 2684 166 2752 tanen
189 2690 376 2755 liberalitati
397 2712 457 2774 pro
479 2687 688 2755 facultatibus
711 2688 831 2754 nostris
854 2693 884 2754 ct
904 2725 946 2736 -
969 2709 1014 2772 ne¹

81 2775 187 2842 omnino
209 2779 384 2858 exhaustus
408 2799 520 2861 essem,
541 2777 598 2842 illo
620 2781 789 2842 recusante
803 2776 1011 2842 -subsidiis

82 2862 229 2931 amicorum
242 2866 476 2950 respondimus.
504 2864 587 2942 Quid
602 2864 728 2930 consilii
742 2866 781 2930 de
796 2865 885 2930 omni
898 2869 1011 2930 nostro

81 2949 147 3015 Metu
167 2955 345 3040 capiamus,
366 2958 399 3020 te
422 2954 555 3019 absente
578 2953 752 3038 nescimus;
775 2973 873 3038 quare
895 2972 1010 3036 appro-

81 3053 147 3114 pera.

136 3263 179 3336 Ep.
198 3275 221 3337 3,
239 3275 264 3325 4.
284 3271 356 3325 inter
374 3269 442 3325 daos
460 3269 534 3324 lacos
547 3267 632 3338 (W.)?
670 3274 693 3322 5.
712 3270 802 3332 acad,
815 3263 916 3334 paucas
934 3262 1010 3331 (Ψ).

83 3343 115 3396 a.,·
126 3350 151 3400 Ρ·
167 3335 196 3390 Β.
213 3369 248 3380 -
267 3341 292 3395 a·
309 3340 416 3396 obuiam
435 3338 476 3408 (B.
492 3337 596 3408 conj.)?
624 3336 673 3393 Od.
689 3337 831 3405 archetyp.
850 3334 1010 3388 turbociam.

84 3426 108 3438 ·
123 3419 211 3463 murus
229 3409 349 3480 (Mota).
374 3425 441 3465 usus
458 3409 551 3478 vulgo.
588 3414 612 3464 6.
632 3409 733 3462 uostris
751 3413 776 3460 ct
793 3437 827 3446 —
846 3421 879 3476 aa
893 3445 900 3458 .
915 3445 921 3458 .
937 3447 943 3460 .
958 3419 1002 3462 rec

85 3497 108 3508 -
122 3476 182 3532 aas.
200 3480 253 3548 (W.
272 3485 301 3536 et
318 3479 453 3550 Kayser.).
476 3480 536 3536 Om.
556 3483 581 3534 et
598 3479 692 3548 vulgo.
