2574 3966
231 247 488 304 EPISTOLARUII
505 248 555 304 AD
573 249 738 305 ATTICUM
755 249 829 306 XIII.
848 256 926 306 4-6.
989 249 1056 314 465

91 392 307 458 solitudinem
343 390 499 460 Catonis?
538 415 598 458 nec
633 395 670 459 de
704 393 914 460 coheredibus
950 396 1056 460 solum

91 479 325 565 Herennianis,
349 481 404 546 sed
427 483 534 566 etiam,
555 485 593 547 ut
616 482 738 547 scis-
761 485 798 546 tu
821 483 908 547 enim
930 505 1056 550 mecum

93 569 195 654 egisti
217 605 274 653 -,
297 570 336 634 de
358 592 458 654 puero
481 569 632 654 Lucullo,
655 592 752 654 quam
773 572 943 654 pecuniam
966 574 1056 638 tutor

94 693 140 702 -
164 678 243 721 nam
265 657 327 722 hoc
349 680 476 742 quoque
499 659 631 723 adrem
653 659 793 742 pertinet
816 676 857 704 ’-
880 658 916 723 in
929 658 1055 724 Achaia

94 749 295 829 sumpserat3
327 746 383 810 sed
406 746 475 831 agit
503 747 691 830 libereIIter,
724 747 877 830 quoniam
900 752 1000 832 negat
1022 771 1055 813 se

94 834 276 917 quidquam
295 834 457 901 facturum
475 838 588 902 contra
605 838 752 900 nostram
769 834 982 902 voluntatem:
1005 858 1056 902 co·

94 943 169 986 ram
187 923 298 1007 igitur,
320 926 358 988 ut
375 924 501 1007 scribis,
519 924 764 1007 constituemus,
787 924 1057 1007 quemadmodum

96 1030 167 1074 rem
181 1010 389 1093 explicemus3
413 1013 499 1096 quod
511 1013 651 1096 reliquos
675 1011 847 1076 coheredes
870 1012 1057 1096 convenisti,

96 1097 205 1162 fecisti
228 1099 324 1182 plane
347 1100 437 1166 bene.
477 1099 570 1177 Quod
593 1100 762 1183 epistolam
784 1121 890 1164 meam
913 1101 954 1166 ad
976 1099 1085 1165 Bru-'³

96 1190 169 1249 tum
193 1187 313 1271 poscis,
340 1209 408 1252 non
429 1189 534 1253 habeo
558 1188 626 1252 eius
650 1188 843 1272 exemplum,
871 1188 927 1252 sed
948 1191 1058 1253 tamen

97 1274 227 1338 salvum
254 1278 303 1340 cst
330 1279 363 1340 et
389 1276 436 1341 ait
463 1277 539 1341 Tiro
567 1279 599 1340 te
626 1275 745 1340 habere
773 1278 920 1360 oportere
944 1280 989 1361 et,
1020 1280 1058 1340 ut

98 1362 264 1446 recordor,
297 1385 361 1428 una
393 1387 466 1429 eum
494 1364 581 1429 illius
613 1364 833 1450 obiurgatoris
865 1365 925 1429 tibi
952 1386 1058 1429 meam

97 1471 239 1535 quoque,
262 1473 359 1534 quam
381 1453 422 1516 ad
445 1475 518 1517 eum
540 1453 776 1536 rescripseram,
798 1453 879 1518 misi.
911 1452 1084 1518 Iudiciali⁴

98 1538 250 1604 molestia
285 1543 323 1604 ut
358 1561 500 1626 ceream,
536 1541 667 1606 videbis.
717 1540 915 1605 Tuditanum
950 1541 1058 1625 istum,

97 1647 260 1709 proavum
272 1626 448 1712 Hortensii,
470 1630 567 1713 plane
589 1650 657 1695 nou
677 1651 792 1694 noram
814 1629 980 1708 etlilium,
1003 1629 1059 1714 qui

97 1719 173 1778 turn
204 1736 273 1779 non
307 1720 458 1800 potuerat
488 1739 557 1781 esse
589 1719 729 1803 legatus,
765 1717 864 1783 fuisse
900 1722 1058 1802 putaram.

97 1801 295 1867 Mummium
320 1804 420 1870 fuisse
447 1805 488 1869 ad
515 1803 708 1870 Corinthum
739 1827 798 1890 pro
830 1808 925 1874 certo,
945 1807 1059 1890 habeo,

99 1913 199 1975 saepe
231 1892 317 1956 enim
348 1893 402 1958 hic
430 1891 579 1978 Spurius,
610 1895 666 1978 qui
697 1915 800 1977 nuper
832 1897 882 1958 est
911 1899 1060 1976 mortuus,

98 1980 257 2063 epistolas
288 1981 367 2045 mihi
401 1983 635 2065 pronuntiabat
669 1981 834 2046 versiculis
869 1981 982 2046 facetis
1018 1981 1059 2045 ad

98 2067 278 2132 familiares
302 2068 415 2134 missas
439 2068 645 2152 aOorinth03
668 2069 814 2133 sednon
837 2068 959 2151 dubit0,
981 2069 1060 2152 quin

100 2156 198 2220 fratri
219 2156 318 2220 fuerit
340 2158 475 2242 legatus,
498 2179 566 2223 non
584 2157 753 2240 indecem,
776 2160 872 2240 atque
885 2156 948 2220 hoc
962 2157 1061 2221 etiam
1092 2209 1094 2215 .

101 2245 226 2328 accepi,
257 2266 325 2309 non
352 2246 471 2311 solitos·
492 2246 629 2310 maiores
656 2247 786 2309 nostros
809 2265 864 2308 eos
893 2245 1003 2329 legare
1024 2245 1061 2308 in

101 2331 227 2416 decem,
259 2333 445 2416 quiessent
469 2333 701 2418 imperatorum
723 2331 909 2416 necessarii,
940 2337 978 2397 ut
999 2354 1060 2397 nos

101 2421 212 2504 ignari
233 2421 521 2504 pulcherrimorum
543 2422 767 2487 institutorum
781 2424 838 2485 aut
857 2420 1060 2506 negligentes

102 2508 212 2592 potius
235 2508 279 2573 M.
293 2508 463 2575 Lucullum
486 2513 519 2574 et
541 2509 576 2574 L.
592 2509 760 2574 Murenam
784 2513 818 2573 ct
840 2512 962 2575 ceteros
986 2531 1060 2574 con·

103 2597 323 2662 iunctissimos
341 2599 382 2662 ad
395 2597 430 2662 L.
445 2597 615 2663 Lucullum
637 2597 791 2681 misimus,
812 2597 954 2681 illudque
968 2592 1061 2664 εὐλο-

103 2681 271 2768 γώτατον,
298 2685 390 2751 illum
412 2687 507 2750 fratri
527 2687 563 2750 in
590 2686 701 2770 primis
724 2686 791 2750 eius
814 2687 931 2771 legatis
952 2687 1051 2751 fuisse

104 2772 246 2857 Operam
267 2777 358 2838 tuam
380 2775 517 2844 multum
541 2795 627 2857 amo,
659 2774 714 2858 qui
744 2777 777 2838 et
802 2775 883 2839 haec
910 2795 1001 2838 cures
1029 2779 1062 2838 et

103 2883 177 2926 mea
204 2862 353 2945 expedias
381 2866 414 2926 et
437 2863 480 2926 sis
503 2863 538 2926 in
564 2862 630 2926 tuis
657 2863 758 2927 multo
786 2863 893 2926 minus
923 2861 1061 2947 diligens

104 2972 203 3033 quam
225 2950 260 3013 in
282 2950 370 3014 meis.

176 3123 227 3192 Ep.
248 3131 273 3192 6,
293 3130 318 3179 2.
350 3141 398 3179 aec
416 3126 448 3178 dc
466 3126 550 3180 cohor.
570 3125 645 3192 (W).
677 3141 726 3178 aec
744 3141 765 3178 c.
784 3123 878 3192 vulgo.
911 3153 944 3164 -
977 3138 1062 3190 coac,

102 3195 194 3261 fecisti
207 3194 248 3264 pl.
268 3194 292 3249 b.
321 3196 384 3263 (vc,
409 3196 484 3265 Iac).
517 3213 548 3260 a,
562 3195 603 3264 pt.
623 3195 646 3248 b.
665 3195 686 3260 s.
707 3195 794 3262 (Zb.)?
826 3210 858 3258 a,
872 3210 903 3262 p.
922 3193 947 3248 b.
975 3193 1061 3260 (MR,

104 3265 184 3332 Oxx,
201 3265 262 3332 B.)?
299 3271 323 3320 3.
343 3271 395 3320 eet:
413 3266 454 3319 att
474 3264 506 3320 T.
526 3266 563 3334 (l.,
582 3265 727 3333 Kayser.)?
763 3270 788 3317 4.
812 3269 922 3332 poterat
939 3278 993 3319 cccc
1012 3266 1060 3334 lep.

104 3335 259 3405 (Kayser.)?
292 3366 325 3376 -
357 3352 419 3401 cese,
438 3337 555 3406 lepctum
571 3336 657 3402 scisco
680 3335 765 3404 (W.)?
792 3364 825 3374 -
858 3340 964 3388 cosmos
982 3351 1024 3389 ece
1042 3336 1059 3388 l.

103 3407 274 3474 (AI'.,e.c=
301 3406 376 3474 0.,1.
396 3423 423 3460 o:
443 3407 490 3475 Z.).
524 3405 583 3460 Om.
603 3404 775 3461 ccsMItIB.
809 3432 841 3442 -
875 3407 1009 3462 coaimcct.
1028 3405 1058 3460 B.

104 3477 198 3534 inclin.
217 3475 303 3547 typis,
322 3476 371 3531 sed
389 3477 496 3530 habent
513 3493 536 3531 c.
555 3493 583 3532 o:
602 3475 641 3544 0,,
659 3493 701 3530 vc.
720 3492 748 3529 oz
767 3473 815 3542 Zl,
835 3473 881 3530 Zb.

158 3669 272 3712 Oloeronls
286 3670 350 3719 epist.
364 3671 395 3712 11.
865 3673 900 3724 30
