<?xml version="1.0" encoding="UTF-8"?>
<!DOCTYPE html PUBLIC "-//W3C//DTD XHTML 1.0 Transitional//EN"
    "http://www.w3.org/TR/xhtml1/DTD/xhtml1-transitional.dtd">
<html xmlns="http://www.w3.org/1999/xhtml" xml:lang="en" lang="en">
 <head>
  <title>
</title>
<meta http-equiv="Content-Type" content="text/html;charset=utf-8" />
  <meta name='ocr-system' content='tesseract 3.04.00' />
  <meta name='ocr-capabilities' content='ocr_page ocr_carea ocr_par ocr_line ocrx_word'/>
</head>
<body>
  <div class='ocr_page' id='page_1' title='image "./epistolae01wesegoog_0276.png"; bbox 0 0 2510 3958; ppageno 0'>
   <div class='ocr_carea' id='block_1_1' title="bbox 245 197 917 312">
    <p class='ocr_par' dir='ltr' id='par_1_1' title="bbox 245 197 917 312">
     <span class='ocr_line' id='line_1_1' title="bbox 245 197 917 312; baseline -0.009 -23"><span class='ocrx_word' id='word_1_1' title='bbox 245 225 311 290; x_wconf 81' lang='lat'><strong>266</strong></span> <span class='ocrx_word' id='word_1_2' title='bbox 354 308 357 312; x_wconf 12' lang='lat' dir='ltr'><em>r</em></span> <span class='ocrx_word' id='word_1_3' title='bbox 528 227 565 282; x_wconf 83' lang='lat' dir='ltr'><strong>n.</strong></span> <span class='ocrx_word' id='word_1_4' title='bbox 584 227 707 282; x_wconf 78' lang='lat' dir='ltr'><strong>ruam</strong></span> <span class='ocrx_word' id='word_1_5' title='bbox 725 197 917 284; x_wconf 75' lang='lat' dir='ltr'><strong>nicanorus</strong></span> 
     </span>
    </p>
   </div>
   <div class='ocr_carea' id='block_1_2' title="bbox 100 370 1208 1074">
    <p class='ocr_par' dir='ltr' id='par_1_2' title="bbox 100 370 1208 1074">
     <span class='ocr_line' id='line_1_2' title="bbox 155 370 1208 556; baseline 0.005 -35"><span class='ocrx_word' id='word_1_6' title='bbox 155 420 215 556; x_wconf 60' lang='lat' dir='ltr'><strong>p„</strong></span> <span class='ocrx_word' id='word_1_7' title='bbox 244 370 1208 546; x_wconf 52' lang='lat' dir='ltr'><strong>tfstitisltffffilfqltlttttl,latta</strong></span> 
     </span>
     <span class='ocr_line' id='line_1_3' title="bbox 177 547 1208 633; baseline 0.003 -23"><span class='ocrx_word' id='word_1_8' title='bbox 177 555 179 562; x_wconf 83' lang='lat'>&#39;</span> <span class='ocrx_word' id='word_1_9' title='bbox 244 563 323 610; x_wconf 88' lang='lat' dir='ltr'><strong>xxx.</strong></span> <span class='ocrx_word' id='word_1_10' title='bbox 346 547 479 630; x_wconf 76' lang='lat' dir='ltr'><strong>tyranni</strong></span> <span class='ocrx_word' id='word_1_11' title='bbox 504 551 625 630; x_wconf 86' lang='lat' dir='ltr'><strong>essent,</strong></span> <span class='ocrx_word' id='word_1_12' title='bbox 651 547 766 631; x_wconf 90' lang='lat' dir='ltr'><strong>pedem</strong></span> <span class='ocrx_word' id='word_1_13' title='bbox 788 551 884 632; x_wconf 88' lang='lat' dir='ltr'><strong>porta</strong></span> <span class='ocrx_word' id='word_1_14' title='bbox 905 569 973 615; x_wconf 91' lang='lat' dir='ltr'><strong>non</strong></span> <span class='ocrx_word' id='word_1_15' title='bbox 995 549 1128 633; x_wconf 79' lang='lat' dir='ltr'><strong>extilit3</strong></span> <span class='ocrx_word' id='word_1_16' title='bbox 1160 554 1208 613; x_wconf 88' lang='lat' dir='ltr'><strong>est</strong></span> 
     </span>
     <span class='ocr_line' id='line_1_4' title="bbox 100 635 1208 722; baseline 0.006 -29"><span class='ocrx_word' id='word_1_17' title='bbox 100 679 110 693; x_wconf 90' lang='lat'>.</span> <span class='ocrx_word' id='word_1_18' title='bbox 189 701 194 718; x_wconf 43' lang='lat'><strong>,</strong></span> <span class='ocrx_word' id='word_1_19' title='bbox 243 635 324 699; x_wconf 88' lang='lat' dir='ltr'><strong>mihi</strong></span> <span class='ocrx_word' id='word_1_20' title='bbox 350 639 517 718; x_wconf 87' lang='lat' dir='ltr'><strong>praeterea</strong></span> <span class='ocrx_word' id='word_1_21' title='bbox 542 635 716 719; x_wconf 79' lang='lat' dir='ltr'><strong>praecipua</strong></span> <span class='ocrx_word' id='word_1_22' title='bbox 742 657 841 700; x_wconf 88' lang='lat' dir='ltr'><strong>causa</strong></span> <span class='ocrx_word' id='word_1_23' title='bbox 871 637 1036 720; x_wconf 83' lang='lat' dir='ltr'><strong>manendi,</strong></span> <span class='ocrx_word' id='word_1_24' title='bbox 1067 638 1111 701; x_wconf 91' lang='lat' dir='ltr'><strong>de</strong></span> <span class='ocrx_word' id='word_1_25' title='bbox 1145 660 1208 722; x_wconf 90' lang='lat' dir='ltr'><strong>qua</strong></span> 
     </span>
     <span class='ocr_line' id='line_1_5' title="bbox 166 673 1207 809; baseline -0.002 -18"><span class='ocrx_word' id='word_1_26' title='bbox 166 715 202 763; x_wconf 40' lang='grc' dir='ltr'>Ἰ</span> <span class='ocrx_word' id='word_1_27' title='bbox 223 673 370 791; x_wconf 78' lang='lat' dir='ltr'><strong>latinam</strong></span> <span class='ocrx_word' id='word_1_28' title='bbox 393 723 566 808; x_wconf 87' lang='lat' dir='ltr'><strong>aliqnando</strong></span> <span class='ocrx_word' id='word_1_29' title='bbox 588 727 696 787; x_wconf 88' lang='lat' dir='ltr'><strong>tecum</strong></span> <span class='ocrx_word' id='word_1_30' title='bbox 718 724 845 808; x_wconf 82' lang='lat' dir='ltr'><strong>loquar!</strong></span> <span class='ocrx_word' id='word_1_31' title='bbox 867 723 941 809; x_wconf 80' lang='lat' dir='ltr'><strong>Ego</strong></span> <span class='ocrx_word' id='word_1_32' title='bbox 963 743 1035 790; x_wconf 81' lang='lat'>1111.</span> <span class='ocrx_word' id='word_1_33' title='bbox 1058 725 1207 808; x_wconf 79' lang='lat' dir='ltr'><strong>Kalend,</strong></span> 
     </span>
     <span class='ocr_line' id='line_1_6' title="bbox 243 811 1206 897; baseline 0.003 -22"><span class='ocrx_word' id='word_1_34' title='bbox 243 830 343 895; x_wconf 87' lang='lat' dir='ltr'><strong>quum</strong></span> <span class='ocrx_word' id='word_1_35' title='bbox 368 811 486 888; x_wconf 78' lang='lat' dir='ltr'><strong>eadem</strong></span> <span class='ocrx_word' id='word_1_36' title='bbox 516 812 649 876; x_wconf 86' lang='lat' dir='ltr'><strong>lucerna</strong></span> <span class='ocrx_word' id='word_1_37' title='bbox 679 812 764 875; x_wconf 90' lang='lat' dir='ltr'><strong>hanc</strong></span> <span class='ocrx_word' id='word_1_38' title='bbox 791 813 962 896; x_wconf 88' lang='lat' dir='ltr'><strong>epistolam</strong></span> <span class='ocrx_word' id='word_1_39' title='bbox 994 813 1206 897; x_wconf 70' lang='lat' dir='ltr'><strong>scripsissem</strong></span> 
     </span>
     <span class='ocr_line' id='line_1_7' title="bbox 243 899 1206 985; baseline 0 -21"><span class='ocrx_word' id='word_1_40' title='bbox 243 921 309 983; x_wconf 88' lang='lat' dir='ltr'><strong>qua</strong></span> <span class='ocrx_word' id='word_1_41' title='bbox 320 899 555 964; x_wconf 88' lang='lat' dir='ltr'><strong>inflammaram</strong></span> <span class='ocrx_word' id='word_1_42' title='bbox 568 902 667 983; x_wconf 92' lang='lat' dir='ltr'><strong>tuam,</strong></span> <span class='ocrx_word' id='word_1_43' title='bbox 689 899 827 964; x_wconf 75' lang='lat' dir='ltr'><strong>Formiis</strong></span> <span class='ocrx_word' id='word_1_44' title='bbox 844 900 884 963; x_wconf 88' lang='lat' dir='ltr'><strong>ad</strong></span> <span class='ocrx_word' id='word_1_45' title='bbox 898 899 1100 985; x_wconf 84' lang='lat' dir='ltr'><strong>Pompeium,</strong></span> <span class='ocrx_word' id='word_1_46' title='bbox 1126 903 1156 965; x_wconf 89' lang='lat' dir='ltr'><strong>si</strong></span> <span class='ocrx_word' id='word_1_47' title='bbox 1170 902 1206 965; x_wconf 88' lang='lat' dir='ltr'><strong>de</strong></span> 
     </span>
     <span class='ocr_line' id='line_1_8' title="bbox 242 988 1206 1074; baseline 0 -22"><span class='ocrx_word' id='word_1_48' title='bbox 242 1010 321 1073; x_wconf 89' lang='lat' dir='ltr'><strong>pace</strong></span> <span class='ocrx_word' id='word_1_49' title='bbox 345 991 502 1074; x_wconf 79' lang='lat' dir='ltr'><strong>ageretur,</strong></span> <span class='ocrx_word' id='word_1_50' title='bbox 524 988 716 1072; x_wconf 70' lang='lat' dir='ltr'><strong>praefectus,</strong></span> <span class='ocrx_word' id='word_1_51' title='bbox 739 988 766 1052; x_wconf 90' lang='lat' dir='ltr'><strong>si</strong></span> <span class='ocrx_word' id='word_1_52' title='bbox 789 988 828 1051; x_wconf 89' lang='lat' dir='ltr'><strong>de</strong></span> <span class='ocrx_word' id='word_1_53' title='bbox 850 989 946 1072; x_wconf 89' lang='lat' dir='ltr'><strong>bello,</strong></span> <span class='ocrx_word' id='word_1_54' title='bbox 968 1023 1010 1036; x_wconf 88' lang='lat'><strong>--</strong></span> <span class='ocrx_word' id='word_1_55' title='bbox 1024 990 1106 1074; x_wconf 83' lang='lat' dir='ltr'><strong>quid</strong></span> <span class='ocrx_word' id='word_1_56' title='bbox 1128 990 1206 1054; x_wconf 82' lang='lat' dir='ltr'><strong>erc?</strong></span> 
     </span>
    </p>
   </div>
   <div class='ocr_carea' id='block_1_3' title="bbox 580 1165 754 1246">
    <p class='ocr_par' dir='ltr' id='par_1_3' title="bbox 580 1165 754 1246">
     <span class='ocr_line' id='line_1_9' title="bbox 580 1165 754 1246; baseline 0 -1"><span class='ocrx_word' id='word_1_57' title='bbox 580 1165 581 1168; x_wconf 8' lang='grc' dir='ltr'><strong>Ἴ</strong></span> <span class='ocrx_word' id='word_1_58' title='bbox 695 1181 754 1246; x_wconf 91' lang='lat' dir='ltr'><strong>lll.</strong></span> 
     </span>
    </p>
   </div>
   <div class='ocr_carea' id='block_1_4' title="bbox 242 1301 1204 1464">
    <p class='ocr_par' dir='ltr' id='par_1_4' title="bbox 242 1301 1204 1464">
     <span class='ocr_line' id='line_1_10' title="bbox 242 1301 1204 1372; baseline -0.001 -14"><span class='ocrx_word' id='word_1_59' title='bbox 242 1303 299 1358; x_wconf 86' lang='lat' dir='ltr'><strong>Sor.</strong></span> <span class='ocrx_word' id='word_1_60' title='bbox 318 1301 348 1357; x_wconf 91' lang='lat' dir='ltr'><strong>in</strong></span> <span class='ocrx_word' id='word_1_61' title='bbox 367 1318 435 1372; x_wconf 80' lang='lat' dir='ltr'><strong>agro</strong></span> <span class='ocrx_word' id='word_1_62' title='bbox 453 1301 557 1356; x_wconf 78' lang='lat' dir='ltr'><strong>Caleno</strong></span> <span class='ocrx_word' id='word_1_63' title='bbox 576 1318 600 1356; x_wconf 87' lang='lat' dir='ltr'><strong>a.</strong></span> <span class='ocrx_word' id='word_1_64' title='bbox 616 1301 642 1355; x_wconf 91' lang='lat' dir='ltr'><strong>d.</strong></span> <span class='ocrx_word' id='word_1_65' title='bbox 661 1302 708 1356; x_wconf 85' lang='lat' dir='ltr'><strong>XI.</strong></span> <span class='ocrx_word' id='word_1_66' title='bbox 727 1301 870 1358; x_wconf 80' lang='lat' dir='ltr'>Kalendas</span> <span class='ocrx_word' id='word_1_67' title='bbox 888 1302 1087 1359; x_wconf 74' lang='lat' dir='ltr'><strong>Mentissam</strong></span> <span class='ocrx_word' id='word_1_68' title='bbox 1103 1321 1128 1358; x_wconf 84' lang='lat' dir='ltr'><strong>c.</strong></span> <span class='ocrx_word' id='word_1_69' title='bbox 1147 1308 1204 1358; x_wconf 81' lang='lat'><strong>705.</strong></span> 
     </span>
     <span class='ocr_line' id='line_1_11' title="bbox 532 1406 908 1464; baseline -0.005 -1"><span class='ocrx_word' id='word_1_70' title='bbox 532 1406 662 1463; x_wconf 77' lang='lat' dir='ltr'>CICERO</span> <span class='ocrx_word' id='word_1_71' title='bbox 679 1407 814 1464; x_wconf 77' lang='lat' dir='ltr'><strong>&#39;ATTICO</strong></span> <span class='ocrx_word' id='word_1_72' title='bbox 834 1408 908 1462; x_wconf 85' lang='lat' dir='ltr'>SAL.</span> 
     </span>
    </p>
   </div>
   <div class='ocr_carea' id='block_1_5' title="bbox 214 1515 1203 2057">
    <p class='ocr_par' dir='ltr' id='par_1_5' title="bbox 214 1515 1203 2057">
     <span class='ocr_line' id='line_1_12' title="bbox 214 1515 1203 1602; baseline 0.003 -25"><span class='ocrx_word' id='word_1_73' title='bbox 214 1537 226 1577; x_wconf 82' lang='grc' dir='ltr'><strong><em>ι</em></strong></span> <span class='ocrx_word' id='word_1_74' title='bbox 307 1515 457 1581; x_wconf 82' lang='lat' dir='ltr'><strong>Maximis</strong></span> <span class='ocrx_word' id='word_1_75' title='bbox 480 1519 513 1579; x_wconf 88' lang='lat' dir='ltr'><strong>et</strong></span> <span class='ocrx_word' id='word_1_76' title='bbox 535 1515 721 1579; x_wconf 80' lang='lat' dir='ltr'><strong>miserrimis</strong></span> <span class='ocrx_word' id='word_1_77' title='bbox 743 1517 838 1581; x_wconf 89' lang='lat' dir='ltr'><strong>rebus</strong></span> <span class='ocrx_word' id='word_1_78' title='bbox 861 1517 1078 1599; x_wconf 81' lang='lat' dir='ltr'><strong>perturbatus,</strong></span> <span class='ocrx_word' id='word_1_79' title='bbox 1103 1539 1203 1602; x_wconf 87' lang='lat' dir='ltr'><strong>quum</strong></span> 
     </span>
     <span class='ocr_line' id='line_1_13' title="bbox 241 1603 1202 1687; baseline -0.002 -18"><span class='ocrx_word' id='word_1_80' title='bbox 241 1624 352 1670; x_wconf 88' lang='lat' dir='ltr'><strong>eoram</strong></span> <span class='ocrx_word' id='word_1_81' title='bbox 377 1607 484 1668; x_wconf 88' lang='lat' dir='ltr'><strong>tecum</strong></span> <span class='ocrx_word' id='word_1_82' title='bbox 510 1603 592 1667; x_wconf 89' lang='lat' dir='ltr'><strong>mihi</strong></span> <span class='ocrx_word' id='word_1_83' title='bbox 617 1607 762 1687; x_wconf 83' lang='lat' dir='ltr'><strong>potestas</strong></span> <span class='ocrx_word' id='word_1_84' title='bbox 789 1604 988 1668; x_wconf 86' lang='lat' dir='ltr'><strong>deliberandi</strong></span> <span class='ocrx_word' id='word_1_85' title='bbox 1015 1626 1085 1670; x_wconf 87' lang='lat' dir='ltr'><strong>non</strong></span> <span class='ocrx_word' id='word_1_86' title='bbox 1109 1607 1202 1686; x_wconf 89' lang='lat' dir='ltr'><strong>esset,</strong></span> 
     </span>
     <span class='ocr_line' id='line_1_14' title="bbox 240 1691 1202 1775; baseline -0.002 -18"><span class='ocrx_word' id='word_1_87' title='bbox 240 1693 290 1757; x_wconf 91' lang='lat' dir='ltr'><strong>uti</strong></span> <span class='ocrx_word' id='word_1_88' title='bbox 303 1695 413 1756; x_wconf 87' lang='lat' dir='ltr'><strong>tamen</strong></span> <span class='ocrx_word' id='word_1_89' title='bbox 426 1696 483 1756; x_wconf 89' lang='lat' dir='ltr'><strong>tuo</strong></span> <span class='ocrx_word' id='word_1_90' title='bbox 498 1691 633 1756; x_wconf 90' lang='lat' dir='ltr'><strong>consilio</strong></span> <span class='ocrx_word' id='word_1_91' title='bbox 647 1692 748 1775; x_wconf 81' lang='lat' dir='ltr'><strong>volui3</strong></span> <span class='ocrx_word' id='word_1_92' title='bbox 771 1693 958 1757; x_wconf 77' lang='lat' dir='ltr'><strong>deliberatio</strong></span> <span class='ocrx_word' id='word_1_93' title='bbox 971 1696 1080 1757; x_wconf 85' lang='lat' dir='ltr'><strong>autem</strong></span> <span class='ocrx_word' id='word_1_94' title='bbox 1096 1693 1202 1758; x_wconf 84' lang='lat' dir='ltr'><strong>omnis</strong></span> 
     </span>
     <span class='ocr_line' id='line_1_15' title="bbox 240 1778 1200 1865; baseline -0.001 -20"><span class='ocrx_word' id='word_1_95' title='bbox 240 1781 321 1845; x_wconf 90' lang='lat' dir='ltr'><strong>haec</strong></span> <span class='ocrx_word' id='word_1_96' title='bbox 344 1783 402 1865; x_wconf 90' lang='lat' dir='ltr'><strong>est,</strong></span> <span class='ocrx_word' id='word_1_97' title='bbox 424 1780 452 1843; x_wconf 89' lang='lat' dir='ltr'><strong>si</strong></span> <span class='ocrx_word' id='word_1_98' title='bbox 464 1778 637 1862; x_wconf 90' lang='lat' dir='ltr'><strong>Pompeius</strong></span> <span class='ocrx_word' id='word_1_99' title='bbox 659 1779 756 1843; x_wconf 88' lang='lat' dir='ltr'><strong>Italia</strong></span> <span class='ocrx_word' id='word_1_100' title='bbox 770 1781 871 1864; x_wconf 86' lang='lat' dir='ltr'><strong>cedat,</strong></span> <span class='ocrx_word' id='word_1_101' title='bbox 894 1781 980 1864; x_wconf 89' lang='lat' dir='ltr'><strong>quod</strong></span> <span class='ocrx_word' id='word_1_102' title='bbox 1001 1802 1075 1845; x_wconf 90' lang='lat' dir='ltr'><strong>eum</strong></span> <span class='ocrx_word' id='word_1_103' title='bbox 1098 1781 1200 1846; x_wconf 84' lang='lat' dir='ltr'><strong>factu·</strong></span> 
     </span>
     <span class='ocr_line' id='line_1_16' title="bbox 229 1868 1200 2057; baseline 0 -125"><span class='ocrx_word' id='word_1_104' title='bbox 229 1891 313 2057; x_wconf 50' lang='lat' dir='ltr'><strong>,Eum</strong></span> <span class='ocrx_word' id='word_1_105' title='bbox 343 1889 412 1932; x_wconf 89' lang='lat' dir='ltr'><strong>esse</strong></span> <span class='ocrx_word' id='word_1_106' title='bbox 435 1868 593 1952; x_wconf 89' lang='lat' dir='ltr'><strong>suspicor,</strong></span> <span class='ocrx_word' id='word_1_107' title='bbox 625 1868 702 1950; x_wconf 91' lang='lat' dir='ltr'><strong>quid</strong></span> <span class='ocrx_word' id='word_1_108' title='bbox 723 1868 803 1932; x_wconf 91' lang='lat' dir='ltr'><strong>mihi</strong></span> <span class='ocrx_word' id='word_1_109' title='bbox 831 1869 992 1954; x_wconf 85' lang='lat' dir='ltr'><strong>agendum</strong></span> <span class='ocrx_word' id='word_1_110' title='bbox 1018 1873 1130 1953; x_wconf 84' lang='lat' dir='ltr'><strong>putes,</strong></span> <span class='ocrx_word' id='word_1_111' title='bbox 1161 1872 1200 1950; x_wconf 88' lang='lat' dir='ltr'><strong>et,</strong></span> 
     </span>
    </p>
   </div>
   <div class='ocr_carea' id='block_1_6' title="bbox 161 1955 1199 3010">
    <p class='ocr_par' dir='ltr' id='par_1_6' title="bbox 212 1955 1199 2656">
     <span class='ocr_line' id='line_1_17' title="bbox 263 1955 1199 2041; baseline 0 -21"><span class='ocrx_word' id='word_1_112' title='bbox 263 1979 305 2021; x_wconf 90' lang='lat' dir='ltr'><strong>uo</strong></span> <span class='ocrx_word' id='word_1_113' title='bbox 327 1957 454 2020; x_wconf 79' lang='lat' dir='ltr'><strong>facilius</strong></span> <span class='ocrx_word' id='word_1_114' title='bbox 468 1955 638 2020; x_wconf 87' lang='lat' dir='ltr'><strong>consilium</strong></span> <span class='ocrx_word' id='word_1_115' title='bbox 656 1956 732 2020; x_wconf 88' lang='lat' dir='ltr'><strong>dare</strong></span> <span class='ocrx_word' id='word_1_116' title='bbox 754 1957 869 2041; x_wconf 87' lang='lat' dir='ltr'><strong>possis,</strong></span> <span class='ocrx_word' id='word_1_117' title='bbox 891 1957 968 2041; x_wconf 83' lang='lat' dir='ltr'><strong>quid</strong></span> <span class='ocrx_word' id='word_1_118' title='bbox 980 1957 1017 2020; x_wconf 90' lang='lat' dir='ltr'><strong>in</strong></span> <span class='ocrx_word' id='word_1_119' title='bbox 1028 1961 1199 2040; x_wconf 85' lang='lat' dir='ltr'><strong>utramque</strong></span> 
     </span>
     <span class='ocr_line' id='line_1_18' title="bbox 239 2043 1199 2130; baseline -0.003 -20"><span class='ocrx_word' id='word_1_120' title='bbox 239 2049 366 2130; x_wconf 84' lang='lat' dir='ltr'><strong>partem</strong></span> <span class='ocrx_word' id='word_1_121' title='bbox 386 2043 476 2127; x_wconf 88' lang='lat' dir='ltr'><strong>mihi</strong></span> <span class='ocrx_word' id='word_1_122' title='bbox 506 2045 542 2107; x_wconf 92' lang='lat' dir='ltr'><strong>in</strong></span> <span class='ocrx_word' id='word_1_123' title='bbox 573 2047 715 2108; x_wconf 79' lang='lat' dir='ltr'><strong>mentem</strong></span> <span class='ocrx_word' id='word_1_124' title='bbox 745 2045 867 2128; x_wconf 84' lang='lat' dir='ltr'><strong>veniat,</strong></span> <span class='ocrx_word' id='word_1_125' title='bbox 904 2045 1068 2128; x_wconf 81' lang='lat' dir='ltr'><strong>explicabo</strong></span> <span class='ocrx_word' id='word_1_126' title='bbox 1101 2045 1199 2110; x_wconf 78' lang='lat' dir='ltr'><strong>brevi.</strong></span> 
     </span>
     <span class='ocr_line' id='line_1_19' title="bbox 212 2130 1198 2218; baseline 0.004 -24"><span class='ocrx_word' id='word_1_127' title='bbox 212 2134 346 2209; x_wconf 78' lang='lat' dir='ltr'><strong>sQuum</strong></span> <span class='ocrx_word' id='word_1_128' title='bbox 368 2133 484 2197; x_wconf 88' lang='lat' dir='ltr'><strong>merita</strong></span> <span class='ocrx_word' id='word_1_129' title='bbox 505 2130 651 2216; x_wconf 87' lang='lat' dir='ltr'><strong>Pompeii</strong></span> <span class='ocrx_word' id='word_1_130' title='bbox 678 2153 803 2196; x_wconf 88' lang='lat' dir='ltr'><strong>summa</strong></span> <span class='ocrx_word' id='word_1_131' title='bbox 830 2153 908 2218; x_wconf 85' lang='lat' dir='ltr'><strong>erga</strong></span> <span class='ocrx_word' id='word_1_132' title='bbox 934 2133 1071 2197; x_wconf 90' lang='lat' dir='ltr'><strong>salutem</strong></span> <span class='ocrx_word' id='word_1_133' title='bbox 1093 2155 1198 2198; x_wconf 86' lang='lat' dir='ltr'><strong>meam</strong></span> 
     </span>
     <span class='ocr_line' id='line_1_20' title="bbox 239 2220 1197 2305; baseline -0.005 -18"><span class='ocrx_word' id='word_1_134' title='bbox 239 2221 515 2305; x_wconf 73' lang='lat' dir='ltr'><strong>familiaritasque,</strong></span> <span class='ocrx_word' id='word_1_135' title='bbox 538 2241 620 2303; x_wconf 87' lang='lat' dir='ltr'><strong>quae</strong></span> <span class='ocrx_word' id='word_1_136' title='bbox 634 2220 714 2283; x_wconf 89' lang='lat' dir='ltr'><strong>mihi</strong></span> <span class='ocrx_word' id='word_1_137' title='bbox 727 2241 801 2284; x_wconf 88' lang='lat' dir='ltr'><strong>cum</strong></span> <span class='ocrx_word' id='word_1_138' title='bbox 822 2241 862 2284; x_wconf 86' lang='lat' dir='ltr'><strong>ec</strong></span> <span class='ocrx_word' id='word_1_139' title='bbox 886 2224 944 2305; x_wconf 90' lang='lat' dir='ltr'><strong>est,</strong></span> <span class='ocrx_word' id='word_1_140' title='bbox 965 2225 1036 2285; x_wconf 93' lang='lat' dir='ltr'><strong>tum</strong></span> <span class='ocrx_word' id='word_1_141' title='bbox 1058 2222 1133 2304; x_wconf 85' lang='lat' dir='ltr'><strong>ipsa</strong></span> <span class='ocrx_word' id='word_1_142' title='bbox 1154 2221 1197 2285; x_wconf 88' lang='lat' dir='ltr'><strong>rei</strong></span> 
     </span>
     <span class='ocr_line' id='line_1_21' title="bbox 239 2307 1197 2394; baseline 0 -20"><span class='ocrx_word' id='word_1_143' title='bbox 239 2311 387 2394; x_wconf 84' lang='lat' dir='ltr'><strong>publicae</strong></span> <span class='ocrx_word' id='word_1_144' title='bbox 410 2330 508 2374; x_wconf 89' lang='lat' dir='ltr'><strong>causa</strong></span> <span class='ocrx_word' id='word_1_145' title='bbox 529 2330 581 2372; x_wconf 86' lang='lat' dir='ltr'><strong>ma</strong></span> <span class='ocrx_word' id='word_1_146' title='bbox 609 2307 751 2391; x_wconf 77' lang='lat' dir='ltr'><strong>adducit,</strong></span> <span class='ocrx_word' id='word_1_147' title='bbox 782 2312 819 2372; x_wconf 90' lang='lat' dir='ltr'><strong>ut</strong></span> <span class='ocrx_word' id='word_1_148' title='bbox 846 2309 926 2373; x_wconf 90' lang='lat' dir='ltr'><strong>mihi</strong></span> <span class='ocrx_word' id='word_1_149' title='bbox 953 2309 1004 2374; x_wconf 77' lang='lat' dir='ltr'><strong>vel</strong></span> <span class='ocrx_word' id='word_1_150' title='bbox 1028 2311 1197 2374; x_wconf 78' lang='lat' dir='ltr'><strong>consilium</strong></span> 
     </span>
     <span class='ocr_line' id='line_1_22' title="bbox 212 2396 1196 2479; baseline 0.002 -19"><span class='ocrx_word' id='word_1_151' title='bbox 212 2418 218 2428; x_wconf 89' lang='grc'>·</span> <span class='ocrx_word' id='word_1_152' title='bbox 239 2419 346 2461; x_wconf 91' lang='lat' dir='ltr'><strong>meum</strong></span> <span class='ocrx_word' id='word_1_153' title='bbox 370 2419 442 2460; x_wconf 89' lang='lat' dir='ltr'><strong>eum</strong></span> <span class='ocrx_word' id='word_1_154' title='bbox 463 2397 551 2460; x_wconf 89' lang='lat' dir='ltr'><strong>illius</strong></span> <span class='ocrx_word' id='word_1_155' title='bbox 574 2396 709 2461; x_wconf 90' lang='lat' dir='ltr'><strong>consilio</strong></span> <span class='ocrx_word' id='word_1_156' title='bbox 729 2397 781 2460; x_wconf 83' lang='lat' dir='ltr'><strong>vel</strong></span> <span class='ocrx_word' id='word_1_157' title='bbox 802 2396 936 2460; x_wconf 86' lang='lat' dir='ltr'><strong>fortuna</strong></span> <span class='ocrx_word' id='word_1_158' title='bbox 956 2417 1025 2461; x_wconf 84' lang='lat' dir='ltr'><strong>cum</strong></span> <span class='ocrx_word' id='word_1_159' title='bbox 1047 2399 1115 2462; x_wconf 78' lang='lat' dir='ltr'><strong>eius</strong></span> <span class='ocrx_word' id='word_1_160' title='bbox 1135 2398 1196 2479; x_wconf 81' lang='lat' dir='ltr'><strong>for·</strong></span> 
     </span>
     <span class='ocr_line' id='line_1_23' title="bbox 238 2483 1196 2569; baseline -0.002 -21"><span class='ocrx_word' id='word_1_161' title='bbox 238 2491 317 2548; x_wconf 74' lang='lat' dir='ltr'><strong>trac</strong></span> <span class='ocrx_word' id='word_1_162' title='bbox 339 2483 566 2569; x_wconf 85' lang='lat' dir='ltr'><strong>coniungenda</strong></span> <span class='ocrx_word' id='word_1_163' title='bbox 591 2503 661 2548; x_wconf 88' lang='lat' dir='ltr'><strong>esse</strong></span> <span class='ocrx_word' id='word_1_164' title='bbox 684 2483 839 2550; x_wconf 86' lang='lat' dir='ltr'><strong>videatur.</strong></span> <span class='ocrx_word' id='word_1_165' title='bbox 883 2484 1018 2550; x_wconf 84' lang='lat' dir='ltr'><strong>Accedit</strong></span> <span class='ocrx_word' id='word_1_166' title='bbox 1042 2485 1139 2550; x_wconf 85' lang='lat' dir='ltr'><strong>illud:</strong></span> <span class='ocrx_word' id='word_1_167' title='bbox 1171 2484 1196 2548; x_wconf 91' lang='lat' dir='ltr'><strong>si</strong></span> 
     </span>
     <span class='ocr_line' id='line_1_24' title="bbox 237 2571 1194 2656; baseline 0.002 -20"><span class='ocrx_word' id='word_1_168' title='bbox 237 2593 354 2636; x_wconf 90' lang='lat' dir='ltr'><strong>maneo</strong></span> <span class='ocrx_word' id='word_1_169' title='bbox 379 2573 516 2637; x_wconf 81' lang='lat' dir='ltr'><strong>stillum</strong></span> <span class='ocrx_word' id='word_1_170' title='bbox 530 2571 718 2636; x_wconf 88' lang='lat' dir='ltr'><strong>comitatum</strong></span> <span class='ocrx_word' id='word_1_171' title='bbox 732 2573 929 2656; x_wconf 88' lang='lat' dir='ltr'><strong>optimorum</strong></span> <span class='ocrx_word' id='word_1_172' title='bbox 952 2576 984 2637; x_wconf 89' lang='lat' dir='ltr'><strong>et</strong></span> <span class='ocrx_word' id='word_1_173' title='bbox 1006 2573 1194 2638; x_wconf 79' lang='lat' dir='ltr'><strong>clarissime</strong></span> 
     </span>
    </p>

    <p class='ocr_par' dir='ltr' id='par_1_7' title="bbox 161 2659 1194 3010">
     <span class='ocr_line' id='line_1_25' title="bbox 161 2659 1194 2744; baseline 0 -20"><span class='ocrx_word' id='word_1_174' title='bbox 161 2659 163 2664; x_wconf 72' lang='grc'><strong>’</strong></span> <span class='ocrx_word' id='word_1_175' title='bbox 237 2681 311 2724; x_wconf 87' lang='lat' dir='ltr'><strong>rum</strong></span> <span class='ocrx_word' id='word_1_176' title='bbox 333 2659 451 2724; x_wconf 82' lang='lat' dir='ltr'><strong>civium</strong></span> <span class='ocrx_word' id='word_1_177' title='bbox 472 2660 593 2743; x_wconf 87' lang='lat' dir='ltr'><strong>desero,</strong></span> <span class='ocrx_word' id='word_1_178' title='bbox 616 2659 795 2724; x_wconf 87' lang='lat' dir='ltr'><strong>cadendum</strong></span> <span class='ocrx_word' id='word_1_179' title='bbox 809 2663 859 2724; x_wconf 91' lang='lat' dir='ltr'><strong>est</strong></span> <span class='ocrx_word' id='word_1_180' title='bbox 880 2661 915 2724; x_wconf 90' lang='lat' dir='ltr'><strong>in</strong></span> <span class='ocrx_word' id='word_1_181' title='bbox 937 2661 1033 2725; x_wconf 77' lang='lat' dir='ltr'><strong>unius</strong></span> <span class='ocrx_word' id='word_1_182' title='bbox 1055 2665 1194 2744; x_wconf 78' lang='lat' dir='ltr'><strong>potesta·</strong></span> 
     </span>
     <span class='ocr_line' id='line_1_26' title="bbox 235 2747 1193 2833; baseline -0.002 -21"><span class='ocrx_word' id='word_1_183' title='bbox 235 2751 318 2831; x_wconf 89' lang='lat' dir='ltr'><strong>tem,</strong></span> <span class='ocrx_word' id='word_1_184' title='bbox 345 2747 401 2831; x_wconf 93' lang='lat' dir='ltr'><strong>qui</strong></span> <span class='ocrx_word' id='word_1_185' title='bbox 428 2747 489 2811; x_wconf 88' lang='lat' dir='ltr'><strong>etsi</strong></span> <span class='ocrx_word' id='word_1_186' title='bbox 510 2747 621 2812; x_wconf 88' lang='lat' dir='ltr'><strong>multis</strong></span> <span class='ocrx_word' id='word_1_187' title='bbox 648 2748 745 2812; x_wconf 88' lang='lat' dir='ltr'><strong>rebus</strong></span> <span class='ocrx_word' id='word_1_188' title='bbox 768 2748 931 2833; x_wconf 83' lang='lat' dir='ltr'><strong>significat</strong></span> <span class='ocrx_word' id='word_1_189' title='bbox 953 2770 986 2812; x_wconf 83' lang='lat' dir='ltr'><strong>se</strong></span> <span class='ocrx_word' id='word_1_190' title='bbox 1008 2749 1105 2813; x_wconf 89' lang='lat' dir='ltr'><strong>nobis</strong></span> <span class='ocrx_word' id='word_1_191' title='bbox 1129 2769 1193 2814; x_wconf 84' lang='lat' dir='ltr'><strong>esse</strong></span> 
     </span>
     <span class='ocr_line' id='line_1_27' title="bbox 236 2837 1193 2918; baseline 0.001 -18"><span class='ocrx_word' id='word_1_192' title='bbox 236 2837 378 2900; x_wconf 88' lang='lat' dir='ltr'><strong>amicum</strong></span> <span class='ocrx_word' id='word_1_193' title='bbox 400 2871 442 2882; x_wconf 91' lang='lat'>—</span> <span class='ocrx_word' id='word_1_194' title='bbox 466 2838 512 2918; x_wconf 89' lang='lat' dir='ltr'><strong>et,</strong></span> <span class='ocrx_word' id='word_1_195' title='bbox 538 2839 576 2899; x_wconf 92' lang='lat' dir='ltr'><strong>ut</strong></span> <span class='ocrx_word' id='word_1_196' title='bbox 598 2840 694 2918; x_wconf 84' lang='lat' dir='ltr'><strong>esset,</strong></span> <span class='ocrx_word' id='word_1_197' title='bbox 723 2857 742 2899; x_wconf 89' lang='lat' dir='ltr'><strong>a</strong></span> <span class='ocrx_word' id='word_1_198' title='bbox 764 2858 815 2900; x_wconf 87' lang='lat' dir='ltr'><strong>me</strong></span> <span class='ocrx_word' id='word_1_199' title='bbox 838 2840 888 2900; x_wconf 89' lang='lat' dir='ltr'><strong>est</strong></span> <span class='ocrx_word' id='word_1_200' title='bbox 910 2873 952 2884; x_wconf 94' lang='lat'>-</span> <span class='ocrx_word' id='word_1_201' title='bbox 975 2840 1045 2900; x_wconf 82' lang='lat' dir='ltr'><strong>tuta</strong></span> <span class='ocrx_word' id='word_1_202' title='bbox 1068 2838 1132 2902; x_wconf 88' lang='lat' dir='ltr'><strong>sois</strong></span> <span class='ocrx_word' id='word_1_203' title='bbox 1154 2870 1193 2884; x_wconf 76' lang='lat'>—</span> 
     </span>
     <span class='ocr_line' id='line_1_28' title="bbox 235 2924 1193 3010; baseline -0.003 -21"><span class='ocrx_word' id='word_1_204' title='bbox 235 2927 370 3010; x_wconf 88' lang='lat' dir='ltr'><strong>propter</strong></span> <span class='ocrx_word' id='word_1_205' title='bbox 392 2924 608 3006; x_wconf 77' lang='lat' dir='ltr'><strong>suspicionem</strong></span> <span class='ocrx_word' id='word_1_206' title='bbox 629 2924 726 2989; x_wconf 86' lang='lat' dir='ltr'><strong>huius</strong></span> <span class='ocrx_word' id='word_1_207' title='bbox 753 2924 969 3008; x_wconf 86' lang='lat' dir='ltr'><strong>impendentis</strong></span> <span class='ocrx_word' id='word_1_208' title='bbox 995 2924 1193 3008; x_wconf 85' lang='lat' dir='ltr'><strong>tempestatis</strong></span> 
     </span>
    </p>
   </div>
   <div class='ocr_carea' id='block_1_7' title="bbox 190 3060 1191 3624">
    <p class='ocr_par' dir='ltr' id='par_1_8' title="bbox 237 3060 1191 3144">
     <span class='ocr_line' id='line_1_29' title="bbox 237 3060 1191 3144; baseline 0 -26"><span class='ocrx_word' id='word_1_209' title='bbox 237 3063 310 3130; x_wconf 76' lang='lat' dir='ltr'><strong>„Sed</strong></span> <span class='ocrx_word' id='word_1_210' title='bbox 323 3061 393 3118; x_wconf 75' lang='lat' dir='ltr'><strong>car?</strong></span> <span class='ocrx_word' id='word_1_211' title='bbox 407 3078 438 3131; x_wconf 80' lang='lat' dir='ltr'><strong>p.</strong></span> <span class='ocrx_word' id='word_1_212' title='bbox 454 3103 460 3116; x_wconf 94' lang='lat'><em>.</em></span> <span class='ocrx_word' id='word_1_213' title='bbox 477 3060 557 3115; x_wconf 79' lang='lat' dir='ltr'><strong>.t..⁹“</strong></span> <span class='ocrx_word' id='word_1_214' title='bbox 576 3061 660 3130; x_wconf 80' lang='lat' dir='ltr'>(W.)?</span> <span class='ocrx_word' id='word_1_215' title='bbox 678 3062 703 3117; x_wconf 80' lang='lat' dir='ltr'><strong>t.</strong></span> <span class='ocrx_word' id='word_1_216' title='bbox 722 3061 778 3117; x_wconf 74' lang='lat' dir='ltr'><strong>Sed</strong></span> <span class='ocrx_word' id='word_1_217' title='bbox 788 3061 860 3144; x_wconf 68' lang='lat' dir='ltr'><strong>carr?</strong></span> <span class='ocrx_word' id='word_1_218' title='bbox 877 3079 923 3131; x_wconf 73' lang='lat' dir='ltr'><strong>„p</strong></span> <span class='ocrx_word' id='word_1_219' title='bbox 939 3104 945 3116; x_wconf 91' lang='lat'>.</span> <span class='ocrx_word' id='word_1_220' title='bbox 960 3105 967 3118; x_wconf 89' lang='lat'><strong>.</strong></span> <span class='ocrx_word' id='word_1_221' title='bbox 980 3061 1041 3116; x_wconf 51' lang='grc' dir='ltr'><strong>ιβ’(</strong></span> <span class='ocrx_word' id='word_1_222' title='bbox 1057 3063 1191 3133; x_wconf 79' lang='lat' dir='ltr'><strong>vulgo.—</strong></span> 
     </span>
    </p>

    <p class='ocr_par' dir='ltr' id='par_1_9' title="bbox 190 3131 1191 3624">
     <span class='ocr_line' id='line_1_30' title="bbox 190 3131 1191 3272; baseline -0.007 -13"><span class='ocrx_word' id='word_1_223' title='bbox 190 3177 192 3185; x_wconf 88' lang='lat'><em>·</em></span> <span class='ocrx_word' id='word_1_224' title='bbox 235 3131 659 3272; x_wconf 61' lang='lat' dir='ltr'><strong>lcrmltlltttcst</strong></span> <span class='ocrx_word' id='word_1_225' title='bbox 677 3133 1191 3271; x_wconf 58' lang='lat' dir='ltr'><strong>ttsaltfcstrrlu:</strong></span> 
     </span>
     <span class='ocr_line' id='line_1_31' title="bbox 236 3269 1191 3345; baseline -0.004 -17"><span class='ocrx_word' id='word_1_226' title='bbox 236 3275 287 3345; x_wconf 68' lang='lat' dir='ltr'><strong>dh.</strong></span> <span class='ocrx_word' id='word_1_227' title='bbox 315 3273 492 3342; x_wconf 69' lang='lat' dir='ltr'><strong>profecturas</strong></span> <span class='ocrx_word' id='word_1_228' title='bbox 510 3272 552 3341; x_wconf 70' lang='lat' dir='ltr'><strong>a..</strong></span> <span class='ocrx_word' id='word_1_229' title='bbox 577 3278 614 3326; x_wconf 69' lang='lat' dir='ltr'><strong>aa</strong></span> <span class='ocrx_word' id='word_1_230' title='bbox 634 3273 694 3340; x_wconf 86' lang='lat' dir='ltr'><strong>(sed</strong></span> <span class='ocrx_word' id='word_1_231' title='bbox 713 3289 748 3328; x_wconf 88' lang='lat' dir='ltr'><strong>ea</strong></span> <span class='ocrx_word' id='word_1_232' title='bbox 760 3289 806 3341; x_wconf 85' lang='lat' dir='ltr'><strong>pr.</strong></span> <span class='ocrx_word' id='word_1_233' title='bbox 826 3277 918 3342; x_wconf 70' lang='lat' dir='ltr'><strong>nam),</strong></span> <span class='ocrx_word' id='word_1_234' title='bbox 942 3274 973 3328; x_wconf 90' lang='lat' dir='ltr'><strong>B.</strong></span> <span class='ocrx_word' id='word_1_235' title='bbox 993 3303 1026 3312; x_wconf 93' lang='lat'><em>—</em></span> <span class='ocrx_word' id='word_1_236' title='bbox 1045 3275 1115 3342; x_wconf 74' lang='lat' dir='ltr'><strong>qaid</strong></span> <span class='ocrx_word' id='word_1_237' title='bbox 1131 3269 1191 3328; x_wconf 78' lang='lat' dir='ltr'><strong>ero?</strong></span> 
     </span>
     <span class='ocr_line' id='line_1_32' title="bbox 237 3342 1191 3415; baseline 0.001 -18"><span class='ocrx_word' id='word_1_238' title='bbox 237 3343 325 3412; x_wconf 76' lang='lat' dir='ltr'><strong>(Mn,</strong></span> <span class='ocrx_word' id='word_1_239' title='bbox 343 3359 394 3412; x_wconf 69' lang='lat' dir='ltr'><strong>vc„</strong></span> <span class='ocrx_word' id='word_1_240' title='bbox 412 3343 511 3415; x_wconf 54' lang='lat' dir='ltr'><strong>adh).</strong></span> <span class='ocrx_word' id='word_1_241' title='bbox 543 3344 611 3412; x_wconf 66' lang='lat' dir='ltr'><strong>qaid</strong></span> <span class='ocrx_word' id='word_1_242' title='bbox 628 3342 701 3398; x_wconf 76' lang='lat' dir='ltr'><strong>crit?</strong></span> <span class='ocrx_word' id='word_1_243' title='bbox 719 3344 740 3397; x_wconf 92' lang='grc' dir='ltr'><strong>Ι.</strong></span> <span class='ocrx_word' id='word_1_244' title='bbox 765 3345 858 3398; x_wconf 77' lang='lat' dir='ltr'><strong>videro</strong></span> <span class='ocrx_word' id='word_1_245' title='bbox 876 3343 921 3397; x_wconf 90' lang='lat' dir='ltr'><strong>Pii</strong></span> <span class='ocrx_word' id='word_1_246' title='bbox 939 3342 1043 3413; x_wconf 86' lang='lat' dir='ltr'><strong>„prisci</strong></span> <span class='ocrx_word' id='word_1_247' title='bbox 1059 3342 1191 3410; x_wconf 83' lang='lat' dir='ltr'><strong>codices‚“</strong></span> 
     </span>
     <span class='ocr_line' id='line_1_33' title="bbox 236 3412 1188 3483; baseline -0.003 -16"><span class='ocrx_word' id='word_1_248' title='bbox 236 3419 285 3477; x_wconf 83' lang='lat' dir='ltr'><strong>a2,</strong></span> <span class='ocrx_word' id='word_1_249' title='bbox 304 3430 337 3480; x_wconf 86' lang='lat' dir='ltr'><strong>c,</strong></span> <span class='ocrx_word' id='word_1_250' title='bbox 350 3414 379 3480; x_wconf 94' lang='lat' dir='ltr'><strong>l.‚</strong></span> <span class='ocrx_word' id='word_1_251' title='bbox 399 3413 429 3467; x_wconf 89' lang='lat' dir='ltr'><strong>B.</strong></span> <span class='ocrx_word' id='word_1_252' title='bbox 466 3412 518 3482; x_wconf 82' lang='lat' dir='ltr'><strong>Ep.</strong></span> <span class='ocrx_word' id='word_1_253' title='bbox 533 3417 559 3480; x_wconf 84' lang='grc'><strong>8,</strong></span> <span class='ocrx_word' id='word_1_254' title='bbox 577 3419 602 3468; x_wconf 75' lang='lat'><strong>2.</strong></span> <span class='ocrx_word' id='word_1_255' title='bbox 620 3413 686 3480; x_wconf 71' lang='lat' dir='ltr'><strong>fort.</strong></span> <span class='ocrx_word' id='word_1_256' title='bbox 705 3429 766 3468; x_wconf 80' lang='lat' dir='ltr'><strong>cum</strong></span> <span class='ocrx_word' id='word_1_257' title='bbox 783 3413 842 3468; x_wconf 76' lang='lat' dir='ltr'><strong>eius</strong></span> <span class='ocrx_word' id='word_1_258' title='bbox 859 3415 924 3480; x_wconf 79' lang='lat' dir='ltr'><strong>fort.</strong></span> <span class='ocrx_word' id='word_1_259' title='bbox 943 3415 1000 3483; x_wconf 71' lang='lat' dir='ltr'><strong>(la).</strong></span> <span class='ocrx_word' id='word_1_260' title='bbox 1019 3412 1080 3468; x_wconf 70' lang='lat' dir='ltr'><strong>Ona</strong></span> <span class='ocrx_word' id='word_1_261' title='bbox 1101 3428 1188 3469; x_wconf 72' lang='lat' dir='ltr'><strong>aare.</strong></span> 
     </span>
     <span class='ocr_line' id='line_1_34' title="bbox 235 3482 1190 3555; baseline 0 -19"><span class='ocrx_word' id='word_1_262' title='bbox 235 3484 256 3551; x_wconf 66' lang='lat' dir='ltr'><strong>f.</strong></span> <span class='ocrx_word' id='word_1_263' title='bbox 276 3483 371 3550; x_wconf 74' lang='lat' dir='ltr'><strong>mal,</strong></span> <span class='ocrx_word' id='word_1_264' title='bbox 390 3483 452 3537; x_wconf 89' lang='lat' dir='ltr'><strong>cdd.</strong></span> <span class='ocrx_word' id='word_1_265' title='bbox 471 3482 538 3536; x_wconf 85' lang='lat' dir='ltr'><strong>Mal.</strong></span> <span class='ocrx_word' id='word_1_266' title='bbox 556 3484 578 3549; x_wconf 85' lang='lat' dir='ltr'><strong>f.</strong></span> <span class='ocrx_word' id='word_1_267' title='bbox 596 3499 655 3538; x_wconf 83' lang='lat' dir='ltr'><strong>mec</strong></span> <span class='ocrx_word' id='word_1_268' title='bbox 673 3500 734 3538; x_wconf 74' lang='lat' dir='ltr'><strong>crau</strong></span> <span class='ocrx_word' id='word_1_269' title='bbox 751 3483 829 3538; x_wconf 76' lang='lat' dir='ltr'><strong>allius</strong></span> <span class='ocrx_word' id='word_1_270' title='bbox 845 3485 867 3551; x_wconf 82' lang='lat' dir='ltr'><strong>f.</strong></span> <span class='ocrx_word' id='word_1_271' title='bbox 887 3483 997 3553; x_wconf 67' lang='lat' dir='ltr'><strong>(Klots,</strong></span> <span class='ocrx_word' id='word_1_272' title='bbox 1016 3483 1077 3552; x_wconf 76' lang='lat' dir='ltr'>B.)?</span> <span class='ocrx_word' id='word_1_273' title='bbox 1095 3515 1131 3526; x_wconf 87' lang='lat'><strong>·-</strong></span> <span class='ocrx_word' id='word_1_274' title='bbox 1148 3482 1190 3555; x_wconf 73' lang='lat' dir='ltr'><strong>qai</strong></span> 
     </span>
     <span class='ocr_line' id='line_1_35' title="bbox 235 3551 1075 3624; baseline 0.004 -16"><span class='ocrx_word' id='word_1_275' title='bbox 235 3554 287 3608; x_wconf 76' lang='lat' dir='ltr'><strong>etsi</strong></span> <span class='ocrx_word' id='word_1_276' title='bbox 305 3551 380 3622; x_wconf 83' lang='lat' dir='ltr'><strong>(W.).</strong></span> <span class='ocrx_word' id='word_1_277' title='bbox 399 3569 434 3622; x_wconf 75' lang='lat' dir='ltr'><strong>q,</strong></span> <span class='ocrx_word' id='word_1_278' title='bbox 452 3568 472 3606; x_wconf 82' lang='lat' dir='ltr'><strong>e.</strong></span> <span class='ocrx_word' id='word_1_279' title='bbox 492 3553 586 3622; x_wconf 74' lang='lat' dir='ltr'><strong>vulgo.</strong></span> <span class='ocrx_word' id='word_1_280' title='bbox 605 3581 639 3594; x_wconf 86' lang='lat'><strong>-</strong></span> <span class='ocrx_word' id='word_1_281' title='bbox 658 3559 709 3620; x_wconf 78' lang='lat' dir='ltr'><strong>cst,</strong></span> <span class='ocrx_word' id='word_1_282' title='bbox 727 3559 759 3607; x_wconf 77' lang='lat' dir='ltr'><strong>ut</strong></span> <span class='ocrx_word' id='word_1_283' title='bbox 776 3559 833 3608; x_wconf 79' lang='lat' dir='ltr'><strong>tate</strong></span> <span class='ocrx_word' id='word_1_284' title='bbox 849 3556 911 3622; x_wconf 77' lang='lat' dir='ltr'><strong>sets,</strong></span> <span class='ocrx_word' id='word_1_285' title='bbox 924 3571 971 3624; x_wconf 81' lang='lat' dir='ltr'><strong>pr.</strong></span> <span class='ocrx_word' id='word_1_286' title='bbox 991 3554 1075 3624; x_wconf 79' lang='lat' dir='ltr'><strong>(W.)‘l</strong></span> 
     </span>
    </p>
   </div>
   <div class='ocr_carea' id='block_1_8' title="bbox 0 0 1260 3958">
    <p class='ocr_par' dir='ltr' id='par_1_10' title="bbox 0 0 1260 3958">
     <span class='ocr_line' id='line_1_36' title="bbox 0 0 1260 3958; baseline 0 1"><span class='ocrx_word' id='word_1_287' title='bbox 0 0 1260 3958; x_wconf 95' lang='lat' dir='ltr'><strong> </strong></span> 
     </span>
    </p>
   </div>
  </div>
 </body>
</html>
