2484 3974
247 242 313 306 370
532 241 570 296 Ι.
589 241 713 296 TULLII
730 239 920 297 CICERONIS

246 407 344 488 agurii
365 407 467 469 nuno,
493 386 546 451 cui
567 385 652 450 ussiil
673 385 819 470 procedit
839 385 1022 470 caduntque
1044 407 1096 470 eo,
1123 407 1197 470 quae

248 474 493 559 diligentissime
520 479 598 539 suut
623 475 780 560 cogitatu,
809 474 994 540 teterrime?
1029 494 1091 560 ego
1119 475 1194 538 enini

246 561 421 629 Curionem
447 566 563 627 nactus
590 564 701 628 omnia
725 584 777 627 me
803 567 1010 628 consecutum
1036 562 1196 647 putabam:

246 653 275 716 is
298 651 338 715 de
366 673 419 715 iiie
446 651 488 716 ad
510 649 723 717 Hortensium
749 651 934 736 seripscrab3
963 651 1110 736 Reginus
1136 655 1195 715 erat

246 743 336 804 totus
357 743 483 823 uosier3
503 739 581 805 huic
593 739 677 804 nuiil
690 739 932 824 suspicabamur
948 761 1022 805 cum
1043 739 1108 806 hoo
1124 739 1195 803 mari

246 828 371 913 negotii
396 828 476 894 fore.
521 827 593 904 Quo
618 850 670 893 me
696 849 784 892 iiuuc
805 827 950 894 sulam?
984 828 1127 912 undique
1151 849 1194 891 cu·

219 917 380 982 estodior.
420 915 483 982 Sed
506 917 586 981 salis
607 915 646 983 <le
669 917 818 982 lacrimis
862 915 1119 1000 liupulme'oo
1146 915 1194 1000 igi·-

246 1011 302 1070 tur
327 1008 362 1070 ab
387 1005 511 1070 occulte
536 1006 573 1069 iii
595 1005 737 1089 aliquam
763 1005 942 1070 onerariam
965 1003 1195 1088 correpeudum,

246 1115 315 1159 nou
345 1093 626 1177 committendum,
656 1096 694 1158 ub
724 1094 822 1158 etiam
854 1097 1020 1178 compacto
1051 1091 1194 1177 prohibiti

246 1182 421 1246 videamur.
466 1179 575 1246 Sicilia
601 1181 754 1266 petenda3
786 1182 936 1266 quamsi
962 1181 1082 1246 erimus
1108 1180 1195 1262 necti,

246 1271 372 1334 maiora
392 1269 551 1354 quaedam
579 1291 819 1354 consequemur.
863 1267 914 1334 sit
938 1270 1033 1335 modo
1061 1269 1193 1334 recbein

247 1357 429 1442 Hispaniis!
466 1379 662 1443 quamquain
694 1358 733 1423 de
763 1359 835 1442 ipsa
866 1355 975 1424 Sicilia
1004 1358 1131 1423 utinam
1159 1357 1194 1420 sil

247 1449 371 1511 verum!
407 1446 464 1510 sed
487 1447 592 1511 adhuc
614 1446 697 1510 nihil
726 1446 866 1511 secundi.
911 1443 1093 1512 Concursus
1116 1443 1193 1512 Sicu·

246 1536 353 1600 loruui
379 1535 420 1598 ad
449 1533 606 1600 Catonem
634 1535 750 1599 dicitur
780 1535 899 1619 factus,
934 1556 1057 1618 orasse,
1087 1537 1126 1599 ub
1154 1555 1192 1598 re-

248 1624 384 1706 sisteret,
407 1625 517 1688 omnia
536 1624 707 1708 pollicitos,
729 1627 924 1688 commotum
942 1623 1033 1686 illum
1046 1623 1191 1687 delectum

246 1711 367 1777 habere
381 1710 536 1795 wppisse:
550 1734 618 1777 uon
632 1711 736 1795 credo,
749 1733 808 1776 neo
822 1715 872 1776 est
885 1713 1065 1776 luculentus
1079 1715 1192 1789 auctor,

247 1799 393 1884 potuisse
415 1803 501 1864 certo
522 1801 627 1864 teneri
648 1800 738 1864 illam
759 1800 957 1884 provinciam
970 1800 1045 1864 scio.
1079 1799 1131 1864 Ab
1144 1797 1190 1862 Hi·

221 1887 371 1972 sspaniis
394 1891 503 1952 autem
523 1888 589 1952 ism
612 1888 766 1952 audietur.
800 1887 863 1952 Hic
884 1909 946 1953 nos
968 1885 1002 1953 0.
1015 1885 1189 1952 Marcellum

248 1975 405 2042 habemus
415 1973 526 2039 eodem
534 1996 608 2042 vere
617 1977 814 2061 cogitantem
824 1987 880 2042 eut
892 1981 975 2043 bene
986 1976 1190 2054 simulantem

249 2086 443 2150 quamquam
469 2065 577 2149 ipsum
598 2085 666 2130 uon
692 2068 848 2148 videram,
876 2069 932 2129 sed
959 2085 997 2128 ex
1022 2064 1189 2128 familiaris·

249 2156 332 2218 simo
354 2155 423 2218 eius
446 2153 625 2218 audiebam.
669 2151 733 2236 Tu,
762 2173 894 2238 quaeso,
921 2152 1046 2236 siquid
1070 2151 1188 2217 hebebis

248 2240 1043 2405 olbisffillllbssllssllollolli
1050 2241 1187 2414 llll

248 2419 383 2502 possim!
406 2421 444 2482 tu
465 2421 577 2482 lemen
599 2439 653 2482 ees
676 2417 838 2502 epistolas,
860 2417 975 2502 quibus
997 2418 1137 2501 asperius
1156 2416 1186 2479 de

250 2526 288 2570 eo
318 2506 444 2589 scripsi,
471 2506 644 2591 aliquando
671 2506 868 2590 concerpilo,
898 2526 940 2570 ne
971 2506 1100 2588 quaudo
1124 2502 1185 2590 quid

223 2596 392 2658 iemouet:
416 2614 476 2679 ego
498 2595 577 2660 item
599 2597 682 2658 luas.
726 2591 873 2660 Servium
894 2597 1058 2678 exspecto,
1080 2615 1135 2660 neo
1154 2592 1185 2656 ab

250 2702 288 2746 eo
311 2680 486 2766 quidquam
507 2677 613 2767 ὖγιέςτ
636 2682 725 2765 scies,
747 2681 901 2766 quidquid
923 2682 993 2747 erit.

320 2873 371 2944 Ep.
383 2879 425 2930 12.
435 2890 469 2941 a,
481 2881 504 2928 1.
519 2874 671 2942 putabam.-
688 2874 713 2928 is
731 2873 762 2941 (I.
778 2873 951 2940 sodomis).
965 2875 1080 2943 putabis
1096 2873 1129 2927 Μ.
1143 2887 1183 2940 po-

250 2945 334 3000 tabis:
361 2945 386 2998 is
404 2944 483 3015 Rph.
511 2945 625 3012 potavi:
652 2945 677 2998 is
703 2943 818 3012 (oclB.)?
846 2973 880 2983 -—
911 2943 1026 2999 Rebilus
1043 2950 1100 3000 crat
1115 2943 1183 3012 (Orll

250 3023 275 3070 2.
294 3013 513 3084 Παρακλεπτέον
523 3015 570 3082 (W
572 3013 668 3070 olfflin.
678 3014 769 3084 oou'.).
787 3019 806 3081 †
816 3016 1143 3071 ΠΛΡΔΟΤΛΕΤΤΕΟΝ
1148 3012 1182 3076 ll,

249 3086 281 3140 Β.
309 3086 633 3142 ΠΑΡΑΟΤΔΕΙΤΕΟΝ
649 3085 697 3141 Zb.
721 3033 781 3140 (lm.
800 3085 833 3138 R.
851 3084 1071 3154 llcpoiileore'ov
1088 3085 1140 3158 tlh..
1155 3082 1182 3134 vl

251 3187 283 3196 -
302 3157 371 3210 sotis
388 3157 421 3210 de
439 3157 505 3211 locs.
524 3155 599 3222 (W).
617 3171 638 3209 a.
653 3157 671 3210 l.
689 3155 783 3225 vulgo.
801 3183 837 3195 -
854 3157 941 3221 cedo,
959 3171 1008 3210 oco
1024 3161 1063 3212 est
1080 3157 1095 3211 l.
1113 3173 1149 3219 u;
1159 3169 1181 3221 p.

251 3227 305 3298 (W.
321 3229 351 3284 eb
366 3229 512 3300 Modum.
527 3245 560 3297 o,
578 3235 624 3306 ab.
638 3251 650 3286 ‚¹
664 3248 706 3298 o.;
719 3248 751 3300 p.
769 3231 916 3304 vulgo(o.!
929 3249 959 3304 p.
978 3231 1025 3291 Or.
1043 3236 1076 3291 11.
1100 3233 1145 3301 a).
1163 3237 1180 3284 3.

247 3307 341 3362 eodem
357 3323 418 3362 vere
435 3309 512 3378 cepit.
531 3305 665 3378 (Madvig.
683 3306 769 3371 adu,
788 3305 864 3358 idem
881 3303 948 3358 olim
966 3319 986 3358 e.
999 3318 1036 3358 re.
1053 3317 1074 3360 c.
1089 3313 1126 3356 .s.
1137 3311 1149 3350 c
1162 3306 1182 3345 re

248 3388 269 3426 o.
287 3373 345 3427 Ml.
363 3390 384 3430 e.
402 3375 460 3439 fere
477 3391 499 3431 e.
517 3375 560 3430 od.
579 3375 667 3442 Besa,
686 3373 786 3443 Lolgii.
806 3388 825 3428 e.
842 3371 879 3426 cle
895 3387 926 3427 re
941 3370 988 3436 R,
1006 3367 1096 3438 vulgo.
