2622 3962
267 225 298 328 6¹
549 264 587 318 M.
606 263 729 318 TULLII
746 261 936 318 CICERONIS

263 407 407 474 credibili
431 429 468 473 ac
491 408 648 494 singulari
670 408 782 492 populi
803 409 971 473 voluntate
992 407 1031 472 de
1054 403 1089 472 O.
1106 403 1221 472 Macro

262 497 493 582 transegimus:
508 497 559 560 cui
574 517 673 580 quum
687 496 780 580 acqui
793 495 974 579 fuissemus,
992 499 1101 560 tamen
1115 496 1221 560 multo

263 585 418 650 maiorem
440 585 582 649 fructum
605 606 644 649 ex
665 584 779 668 populi
792 584 1027 649 existimatione
1050 583 1106 647 illo
1130 582 1222 647 ‹lam-

263 676 342 738 noto
366 672 521 756 cepimus,
548 694 645 756 quam
673 693 712 736 ex
738 672 853 757 ipsius,
880 673 908 736 si
930 672 1097 737 absolutus
1125 675 1223 755 esset,

239 761 372 846 agretia
403 761 605 845 cepissemus.
656 759 749 835 Quod
781 760 822 824 ad
853 781 904 824 me
928 760 967 824 (le
997 758 1223 824 Hermathena

264 849 386 934 scribis,
407 869 465 933 per
487 849 568 913 mihi
590 853 719 934 gratum
742 853 803 912 est:
827 851 876 912 est
896 850 1122 913 ornamentum
1136 846 1222 911 Aca-

264 936 386 1003 demiae
409 937 575 1021 proprium
597 957 700 1020 meae,
728 937 814 1020 quod
836 939 869 1001 et
891 935 1026 1001 Hermes
1050 956 1222 1000 commune

264 1026 409 1092 omnium
422 1028 455 1089 et
467 1023 613 1090 Minerva
627 1025 791 1110 singulare
814 1028 864 1089 est
885 1025 1013 1110 insigne
1036 1024 1105 1088 cius
1129 1044 1222 1108 gym-

263 1114 361 1198 nasii3
384 1134 482 1197 quare
499 1113 604 1197 velim,
625 1116 663 1176 ut
685 1113 814 1196 scribis,
837 1114 950 1177 ceteris
974 1133 1101 1196 quoque
1123 1112 1222 1176 rebus

264 1223 362 1284 quam
383 1201 530 1284 plurimis
553 1222 627 1266 eum
648 1201 755 1266 locum
770 1222 873 1266 ornes.
908 1200 997 1276 Ouae
1021 1200 1101 1264 mihi
1123 1205 1224 1264 antea

265 1289 358 1372 signa
380 1289 510 1372 misisti,
533 1310 572 1353 ea
593 1289 738 1353 nondum
760 1290 839 1354 uidi:
874 1289 910 1354 in
935 1288 1110 1353 Formiano
1134 1293 1223 1372 sunt,

264 1397 328 1462 quc
352 1397 412 1460 ego
435 1397 523 1440 nunc
550 1377 709 1460 proficisci
737 1379 928 1463 cogitabam.
964 1377 1025 1441 Illa
1053 1376 1162 1440 omnis
1184 1377 1222 1440 in

264 1463 484 1529 'Itrsculanum
498 1464 688 1548 deportabo:
711 1462 910 1547 Caietanum,
933 1464 1103 1548 siquando
1118 1465 1223 1528 abun-

264 1551 340 1616 dare
355 1573 499 1636 coepero,
513 1551 644 1617 ornabo.
675 1551 790 1617 Libros
804 1557 878 1618 tuos
890 1553 908 1593 *
922 1573 1078 1618 conserva
1096 1557 1130 1616 et
1151 1554 1223 1617 noli

264 1639 435 1724 desperare
457 1661 513 1723 eos
535 1660 583 1704 ore
605 1661 693 1705 meos
715 1641 821 1706 facere
843 1663 952 1726 posse,
976 1641 1061 1725 quod
1084 1641 1112 1705 si
1135 1662 1222 1705 asse·

265 1749 359 1811 quor,
387 1749 502 1811 supero
527 1726 678 1792 Crassum
701 1728 821 1794 divitiis
843 1734 940 1815 atque
963 1729 1109 1794 omniurn
1131 1729 1222 1795 vicos

265 1819 298 1882 et
318 1820 414 1902 prata
437 1820 617 1882 contemno.

723 2021 766 2093 V.

529 2147 587 2203 Ser.
613 2147 718 2202 Itomae
746 2163 770 2200 a.
798 2165 826 2201 u.
850 2163 872 2202 c.
901 2151 962 2203 687.

562 2251 689 2308 CICERO
705 2251 836 2307 ATTICO
852 2251 928 2306 SAL.

219 2362 250 2420 ἰ
331 2362 494 2437 Quantum
522 2361 666 2426 dolorem
693 2361 868 2445 acceperim
896 2364 929 2425 et
957 2363 1078 2446 quanto
1109 2361 1217 2426 fructu

265 2449 326 2514 sim
348 2451 492 2532 privatus
521 2452 553 2512 et
573 2448 696 2512 forensi
724 2452 756 2513 et
788 2449 962 2513 domestico
990 2449 1081 2513 Lucii
1107 2450 1219 2514 fratris

263 2537 368 2602 nostri
390 2539 502 2623 mortp,
524 2536 559 2599 in
581 2536 694 2618 primis
717 2557 775 2619 pro
793 2539 905 2600 nostra
928 2537 1160 2602 consuetudine
1184 2542 1220 2604 tu

265 2626 446 2690 existimare
468 2627 575 2708 potes3
601 2645 678 2687 nam
704 2621 784 2686 mihi
812 2624 934 2708 omnia,
966 2645 1047 2708 quae
1079 2626 1221 2691 iucunda

265 2734 304 2778 ex
325 2713 527 2777 humanitate
550 2712 681 2776 alterius
709 2714 742 2775 et
764 2711 907 2777 moribus
929 2710 1054 2796 homini
1076 2715 1220 2780 accidere

263 2793 410 2885 possunt,
432 2823 471 2865 ex
488 2801 544 2865 illo
563 2799 762 2865 accidebant:
786 2821 883 2884 quare
906 2821 974 2866 non
996 2801 1117 2886 dubito,
1141 2803 1220 2888 quin
1294 2793 1295 2836 l

263 2889 325 2953 tibi
348 2909 474 2974 quoquc
497 2889 530 2952 id
552 2887 724 2953 molestum
746 2888 802 2973 sit,
830 2909 928 2972 quum
955 2892 988 2952 et
1014 2910 1086 2954 meo
1110 2889 1220 2955 dolore

264 2997 412 3044 moveare
427 2976 540 3061 etipse
556 2976 644 3040 omni
656 2976 775 3040 virtute
795 2975 963 3059 officioque
978 2977 1221 3044 ornatissimum
1293 3047 1294 3058 ,

263 3065 375 3150 tuique
399 3068 431 3129 et
454 3086 512 3129 sua
535 3069 649 3149 sponte
667 3067 701 3128 et
718 3085 790 3128 meo
805 3085 951 3128 sermone
966 3068 1128 3129 amantem
1151 3067 1220 3132 affi-
1293 3059 1294 3133 l

239 3170 342 3218 rnem
369 3153 569 3237 amicumque
597 3151 751 3218 amiseris.
788 3150 879 3227 Quod
903 3152 944 3216 ad
971 3173 1021 3216 me
1045 3153 1157 3218 scribis
1180 3155 1220 3220 de

277 3385 287 3404 ¹
334 3377 386 3448 ap.
401 3384 426 3444 4,
441 3385 466 3434 s.
488 3377 583 3449 nasse
597 3377 685 3446 (orn
704 3407 737 3418 -
757 3377 1138 3448 sesostym(zb.‚1.,aclb.).
1158 3380 1219 3436 cm.
1292 3365 1293 3425 l

264 3449 316 3502 s'na
330 3447 378 3515 M,
397 3447 479 3515 Oxx.;
499 3453 602 3504 emeat
614 3451 634 3502 i.
648 3449 681 3502 R.
700 3465 721 3503 e.
737 3448 780 3572 qi]
798 3448 831 3502 B.
850 3477 884 3488 -
902 3450 1219 3520 ercammarum).

264 3523 285 3573 t.
298 3519 366 3574 mihi
379 3534 400 3572 c.
417 3521 467 3573 cut
480 3524 498 3573 t.
508 3519 587 3576 nobis
601 3535 622 3573 c.
633 3518 708 3588 (W.).
768 3535 796 3588 p.
810 3523 835 3586 5,
851 3523 875 3573 2.
893 3523 1028 3574 amantem
1041 3520 1088 3586 affl
1109 3519 1166 3587 (Or.
1179 3521 1219 3590 I.).

187 3653 193 3659 ,
265 3606 302 3655 a,
319 3605 346 3643 a.
364 3586 458 3658 vulgo.
1291 3633 1292 3718 ,
