2608 3972
262 199 523 258 EPISTOLARUM
540 200 590 256 An
609 200 773 258 romeon
790 202 824 258 11.
844 207 870 258 4.
888 207 912 256 ὅ.
1017 200 1062 266 55

102 345 274 412 hominum
303 346 452 410 satietate
479 345 583 410 nostri
611 345 770 410 discedere
798 349 831 410 et
858 351 930 410 oum
954 343 1061 430 aliquo

102 434 263 586 {diffidatio
290 433 509 516 reuerti31ed
536 433 598 498 hoo
624 437 768 518 ternpore
796 433 906 498 ethis
934 433 1061 500 mitten·

161 641 318 728 αλδέομαι
345 643 460 728 Τρῶας
481 640 537 708 καὶ
564 638 724 729 Τρωάδας
746 640 1006 720 ἑλκεσιπέπλους.

103 783 188 859 Quid
216 784 304 849 onim
333 785 438 850 nostri
470 785 655 869 optimates,
687 784 715 848 si
746 785 802 868 qui
832 784 947 868 reliqui
978 787 1063 867 sunt,

103 871 301 1024 didimi
324 893 368 936 an
388 893 441 938 mo
463 873 572 957 aliquo
594 873 738 957 praemio
756 871 795 936 de
809 872 971 937 sententia
994 892 1062 937 esse

156 1079 388 1166 Πουλυδάμας
409 1107 467 1167 μοι
489 1083 619 1168 πρῶτος
641 1081 808 1167 ἐλεγχείην
830 1075 1011 1167 ἀναθήσει,

107 1220 190 1288 Cato
217 1223 273 1287 illo
300 1226 434 1309 noster,
455 1224 509 1307 qui
540 1223 621 1288 mihi
651 1245 736 1288 unus
768 1227 818 1288 est
847 1245 907 1308 pro
935 1227 1065 1288 eentum

107 1311 250 1376 milibus.
291 1310 375 1388 Quid
401 1333 478 1377 vero
505 1312 659 1377 historiae
691 1310 731 1376 de
761 1311 856 1377 nobis
888 1311 929 1377 ad
961 1333 1064 1377 annos

105 1402 275 1465 sexcentos
310 1399 548 1484 praedicarint?
590 1421 669 1486 quas
706 1399 834 1483 quidem
865 1420 926 1485 ego
961 1401 1064 1465 multo

105 1488 212 1573 magis
243 1507 357 1552 vereor
388 1509 485 1572 quam
521 1509 632 1554 eorum
663 1487 845 1572 hominum,
882 1488 939 1572 qui
968 1487 1064 1553 hodie

105 1577 231 1660 uiuunt,
252 1577 462 1642 rumusculos.
499 1573 571 1661 sed,
593 1576 718 1661 opinor,
740 1576 935 1660 excipiamus
958 1578 992 1639 et
1014 1596 1064 1640 ex-

104 1667 304 1749 spectemu13
332 1665 359 1729 si
381 1664 468 1729 anim
491 1664 667 1748 deferatur,
690 1664 752 1728 orit
773 1663 931 1748 quaedam
951 1665 1065 1729 nostra

106 1755 252 1836 potestas
280 1755 313 1816 et
340 1755 410 1817 tum
434 1751 693 1818 deliberabimus:
725 1752 823 1816 etiam
853 1751 983 1818 heronio
1015 1755 1064 1817 ost

107 1841 142 1904 in
165 1861 235 1906 non
258 1840 443 1924 accipiendo
466 1841 626 1906 nonnulla
648 1840 764 1926 gloria,
795 1861 906 1924 quara,
938 1840 965 1904 si
988 1839 1065 1924 quid

104 1924 286 2012 Θεοφάνης
306 1931 414 1994 tooum
435 1929 521 1994 forto
543 1927 728 2012 contuderit,
754 1949 795 1992 ne
818 1928 950 1993 omnino
972 1949 1065 2013 repu-

106 2016 216 2082 diaris.
261 2016 311 2081 Do
333 2017 404 2082 istis
425 2017 523 2082 rebus
551 2019 699 2101 exspooto
722 2019 796 2080 tuas
818 2017 957 2082 litteras:
989 2016 1091 2100 quido

108 2104 226 2172 Anius
248 2108 373 2190 narret,
405 2126 469 2189 quo
492 2105 601 2170 animo
628 2126 662 2170 se
690 2104 879 2170 destitutum
905 2105 1003 2188 forat,
1034 2107 1066 2168 ot

106 2194 165 2276 qui
187 2194 337 2258 consulas
359 2197 527 2278 parentur,
549 2196 672 2277 utrum,
693 2197 731 2256 ut
753 2192 865 2276 populi
888 2212 991 2255 sermo
1014 2197 1066 2270 ert,

107 2279 283 2365 Pompeius
311 2284 344 2345 et
370 2278 505 2346 Crassos
537 2301 594 2366 an,
624 2284 662 2345 ut
688 2279 768 2344 mihi
800 2279 962 2362 scribitur,
993 2299 1067 2343 oum

109 2366 249 2434 Gabinio
264 2366 393 2434 Servius
410 2367 579 2454 Sulpicius,
602 2373 635 2434 et
655 2389 736 2433 num
758 2389 839 2451 quae
862 2387 964 2433 novae
978 2367 1066 2453 legas

73 2466 78 2474 ”
110 2461 143 2522 et
163 2479 246 2522 num
270 2457 347 2541 quid
369 2457 446 2522 novi
468 2458 602 2522 omnino
625 2460 667 2540 et,
689 2457 841 2540 quoniam
858 2453 971 2541 Nepos
993 2477 1066 2540 pro·

108 2545 277 2629 ficiscitur,
299 2545 427 2610 cuinam
450 2549 626 2630 auguratus
650 2545 825 2627 detoratur,
851 2566 915 2628 quo
938 2543 1068 2629 quidem

110 2655 175 2700 uno
190 2653 253 2718 ego
268 2633 310 2697 ab
323 2632 394 2698 istis
408 2635 481 2717 oapi
497 2654 643 2718 possum:
665 2633 754 2697 vides
771 2632 936 2697 levitatem
953 2654 1067 2698 meam.

111 2719 174 2786 Sed
201 2719 280 2806 quid
308 2741 369 2806 ego
394 2721 488 2805 haao,
519 2741 601 2805 quae
628 2721 723 2804 oupio
749 2719 909 2805 deponere
936 2724 970 2786 ot
995 2723 1066 2786 toto

111 2811 221 2874 animo
244 2812 341 2894 atque
365 2810 454 2875 omni
480 2829 557 2874 cura
584 2808 805 2892 φιλοσοφεῑυῖ
841 2809 900 2893 sio,
925 2809 1068 2892 inquam,

111 2898 146 2962 in
169 2897 279 2962 animo
303 2900 365 2962 est:
389 2898 504 2963 vollem
518 2897 559 2960 ab
582 2896 686 2980 initio,
706 2917 794 2960 nuno
807 2917 892 2982 vero,
915 2897 1068 2982 quoniam

182 3107 485 3177 Ep.5‚1.oroooutor
503 3107 579 3176 (λλ).
610 3106 671 3161 DO
686 3106 780 3177 vulgo.
807 3137 843 3146 —
865 3104 1069 3174 praedicationi

113 3177 141 3244 (l.
159 3187 260 3249 margo
281 3179 378 3260 ¹⁶⁸9?
402 3177 667 3260 praedicoroutMl
687 3180 759 3232 tosto
778 3176 904 3258 Baitero,
921 3174 1068 3244 μναιαίου-

112 3255 178 3304 mat
190 3249 229 3303 M.
238 3250 261 3304 t.
274 3247 370 3305 Furia.
390 3247 443 3316 „al
453 3249 664 3358 praitauria&
679 3263 812 3318 superem.
823 3264 854 3300 m
866 3245 903 3327 M.
941 3250 1069 3368 ilidii?

112 3319 243 3462 tulli:
269 3317 507 3445 tuturo
533 3315 960 3455 udtvtaalluf‘tll,
978 3356 1070 3458 oo

112 3477 143 3518 ao
160 3462 222 3532 (sed
236 3461 290 3517 hae
304 3463 363 3516 tros
376 3460 485 3529 Meloe).
