<?xml version="1.0" encoding="UTF-8"?>
<!DOCTYPE html PUBLIC "-//W3C//DTD XHTML 1.0 Transitional//EN"
    "http://www.w3.org/TR/xhtml1/DTD/xhtml1-transitional.dtd">
<html xmlns="http://www.w3.org/1999/xhtml" xml:lang="en" lang="en">
 <head>
  <title>
</title>
<meta http-equiv="Content-Type" content="text/html;charset=utf-8" />
  <meta name='ocr-system' content='tesseract 3.04.00' />
  <meta name='ocr-capabilities' content='ocr_page ocr_carea ocr_par ocr_line ocrx_word'/>
</head>
<body>
  <div class='ocr_page' id='page_1' title='image "./epistolae01wesegoog_0305.png"; bbox 0 0 2510 3958; ppageno 0'>
   <div class='ocr_carea' id='block_1_1' title="bbox 161 203 1005 269">
    <p class='ocr_par' dir='ltr' id='par_1_1' title="bbox 161 203 1005 269">
     <span class='ocr_line' id='line_1_1' title="bbox 161 203 1005 269; baseline 0.006 -5"><span class='ocrx_word' id='word_1_1' title='bbox 161 207 420 264; x_wconf 79' lang='lat' dir='ltr'>EPIS&#39;IOLARUM</span> <span class='ocrx_word' id='word_1_2' title='bbox 438 207 488 262; x_wconf 81' lang='lat' dir='ltr'>AD</span> <span class='ocrx_word' id='word_1_3' title='bbox 506 207 671 263; x_wconf 79' lang='lat' dir='ltr'>ATTIOUM</span> <span class='ocrx_word' id='word_1_4' title='bbox 688 207 761 264; x_wconf 87' lang='lat' dir='ltr'>VIII.</span> <span class='ocrx_word' id='word_1_5' title='bbox 782 213 823 262; x_wconf 82' lang='lat'>14.</span> <span class='ocrx_word' id='word_1_6' title='bbox 844 213 885 262; x_wconf 79' lang='lat'>15.</span> <span class='ocrx_word' id='word_1_7' title='bbox 935 203 1005 269; x_wconf 79' lang='lat'>295</span> 
     </span>
    </p>
   </div>
   <div class='ocr_carea' id='block_1_2' title="bbox 18 350 1033 1409">
    <p class='ocr_par' dir='ltr' id='par_1_2' title="bbox 18 350 1033 1409">
     <span class='ocr_line' id='line_1_2' title="bbox 59 350 1004 438; baseline -0.001 -22"><span class='ocrx_word' id='word_1_8' title='bbox 59 352 121 417; x_wconf 88' lang='lat' dir='ltr'>dem</span> <span class='ocrx_word' id='word_1_9' title='bbox 141 353 180 418; x_wconf 89' lang='lat' dir='ltr'>de</span> <span class='ocrx_word' id='word_1_10' title='bbox 202 375 251 438; x_wconf 90' lang='lat' dir='ltr'>re,</span> <span class='ocrx_word' id='word_1_11' title='bbox 277 353 357 438; x_wconf 88' lang='lat' dir='ltr'>quin</span> <span class='ocrx_word' id='word_1_12' title='bbox 378 353 466 418; x_wconf 88' lang='lat' dir='ltr'>varia</span> <span class='ocrx_word' id='word_1_13' title='bbox 489 373 598 418; x_wconf 88' lang='lat' dir='ltr'>seeum</span> <span class='ocrx_word' id='word_1_14' title='bbox 619 352 689 436; x_wconf 87' lang='lat' dir='ltr'>ipse</span> <span class='ocrx_word' id='word_1_15' title='bbox 712 351 875 436; x_wconf 79' lang='lat' dir='ltr'>disputet?</span> <span class='ocrx_word' id='word_1_16' title='bbox 907 350 1004 416; x_wconf 91' lang='lat' dir='ltr'>simul</span> 
     </span>
     <span class='ocr_line' id='line_1_3' title="bbox 18 438 1004 526; baseline 0 -22"><span class='ocrx_word' id='word_1_17' title='bbox 18 477 19 480; x_wconf 61' lang='lat'><em>=</em></span> <span class='ocrx_word' id='word_1_18' title='bbox 60 446 86 504; x_wconf 84' lang='lat' dir='ltr'>et</span> <span class='ocrx_word' id='word_1_19' title='bbox 97 441 204 507; x_wconf 76' lang='lat' dir='ltr'>elicere</span> <span class='ocrx_word' id='word_1_20' title='bbox 219 443 314 526; x_wconf 89' lang='lat' dir='ltr'>oupio</span> <span class='ocrx_word' id='word_1_21' title='bbox 329 442 522 506; x_wconf 72' lang='lat' dir='ltr'>sententiam</span> <span class='ocrx_word' id='word_1_22' title='bbox 536 445 640 505; x_wconf 90' lang='lat' dir='ltr'>tuam:</span> <span class='ocrx_word' id='word_1_23' title='bbox 660 441 687 504; x_wconf 92' lang='lat' dir='ltr'>si</span> <span class='ocrx_word' id='word_1_24' title='bbox 701 445 819 524; x_wconf 88' lang='lat' dir='ltr'>manet,</span> <span class='ocrx_word' id='word_1_25' title='bbox 832 443 870 506; x_wconf 90' lang='lat' dir='ltr'>ut</span> <span class='ocrx_word' id='word_1_26' title='bbox 882 438 1004 504; x_wconf 89' lang='lat' dir='ltr'><strong>firmior</strong></span> 
     </span>
     <span class='ocr_line' id='line_1_4' title="bbox 60 526 1033 613; baseline 0.001 -22"><span class='ocrx_word' id='word_1_27' title='bbox 60 530 122 612; x_wconf 89' lang='lat' dir='ltr'>sim,</span> <span class='ocrx_word' id='word_1_28' title='bbox 152 531 180 596; x_wconf 91' lang='lat' dir='ltr'>si</span> <span class='ocrx_word' id='word_1_29' title='bbox 202 533 328 595; x_wconf 90' lang='lat' dir='ltr'>mutata</span> <span class='ocrx_word' id='word_1_30' title='bbox 350 533 412 613; x_wconf 86' lang='lat' dir='ltr'>est,</span> <span class='ocrx_word' id='word_1_31' title='bbox 443 533 481 594; x_wconf 87' lang='lat' dir='ltr'>ut</span> <span class='ocrx_word' id='word_1_32' title='bbox 509 530 570 593; x_wconf 91' lang='lat' dir='ltr'>tibi</span> <span class='ocrx_word' id='word_1_33' title='bbox 597 529 763 593; x_wconf 88' lang='lat' dir='ltr'>assentiar.</span> <span class='ocrx_word' id='word_1_34' title='bbox 799 527 939 595; x_wconf 85' lang='lat' dir='ltr'><strong>Omnino</strong></span> <span class='ocrx_word' id='word_1_35' title='bbox 962 526 1033 592; x_wconf 77' lang='lat' dir='ltr'>ad³</span> 
     </span>
     <span class='ocr_line' id='line_1_5' title="bbox 59 615 1003 702; baseline 0.001 -22"><span class='ocrx_word' id='word_1_36' title='bbox 59 616 93 700; x_wconf 88' lang='lat' dir='ltr'>id,</span> <span class='ocrx_word' id='word_1_37' title='bbox 112 617 150 682; x_wconf 90' lang='lat' dir='ltr'>de</span> <span class='ocrx_word' id='word_1_38' title='bbox 172 639 236 702; x_wconf 88' lang='lat' dir='ltr'>quo</span> <span class='ocrx_word' id='word_1_39' title='bbox 259 617 381 702; x_wconf 88' lang='lat' dir='ltr'>dubito,</span> <span class='ocrx_word' id='word_1_40' title='bbox 403 618 545 702; x_wconf 76' lang='lat' dir='ltr'>pertinet</span> <span class='ocrx_word' id='word_1_41' title='bbox 566 639 617 683; x_wconf 87' lang='lat' dir='ltr'>me</span> <span class='ocrx_word' id='word_1_42' title='bbox 638 617 728 701; x_wconf 85' lang='lat' dir='ltr'>seire,</span> <span class='ocrx_word' id='word_1_43' title='bbox 750 616 827 700; x_wconf 92' lang='lat' dir='ltr'>quid</span> <span class='ocrx_word' id='word_1_44' title='bbox 840 615 1003 682; x_wconf 91' lang='lat' dir='ltr'>Domitius</span> 
     </span>
     <span class='ocr_line' id='line_1_6' title="bbox 59 704 1004 790; baseline 0 -22"><span class='ocrx_word' id='word_1_45' title='bbox 59 709 176 772; x_wconf 81' lang='lat' dir='ltr'>noturus</span> <span class='ocrx_word' id='word_1_46' title='bbox 200 705 251 789; x_wconf 87' lang='lat' dir='ltr'>sit,</span> <span class='ocrx_word' id='word_1_47' title='bbox 274 706 352 790; x_wconf 91' lang='lat' dir='ltr'>quid</span> <span class='ocrx_word' id='word_1_48' title='bbox 373 710 485 771; x_wconf 87' lang='lat' dir='ltr'>noster</span> <span class='ocrx_word' id='word_1_49' title='bbox 500 705 666 771; x_wconf 81' lang='lat' dir='ltr'>Lentulus.</span> <span class='ocrx_word' id='word_1_50' title='bbox 693 704 743 770; x_wconf 89' lang='lat' dir='ltr'>De</span> <span class='ocrx_word' id='word_1_51' title='bbox 756 704 901 770; x_wconf 88' lang='lat' dir='ltr'>Domitio</span> <span class='ocrx_word' id='word_1_52' title='bbox 915 707 1004 770; x_wconf 82' lang='lat' dir='ltr'>varia</span> 
     </span>
     <span class='ocr_line' id='line_1_7' title="bbox 59 792 1005 879; baseline -0.001 -22"><span class='ocrx_word' id='word_1_53' title='bbox 59 793 206 878; x_wconf 66' lang='lat' dir='ltr'>nummus,</span> <span class='ocrx_word' id='word_1_54' title='bbox 237 795 256 834; x_wconf 82' lang='grc'>*</span> <span class='ocrx_word' id='word_1_55' title='bbox 270 795 288 834; x_wconf 79' lang='grc'>*</span> <span class='ocrx_word' id='word_1_56' title='bbox 302 795 335 879; x_wconf 82' lang='grc'>*,</span> <span class='ocrx_word' id='word_1_57' title='bbox 365 794 462 861; x_wconf 90' lang='lat' dir='ltr'>modo</span> <span class='ocrx_word' id='word_1_58' title='bbox 485 815 554 859; x_wconf 89' lang='lat' dir='ltr'>esse</span> <span class='ocrx_word' id='word_1_59' title='bbox 575 795 612 858; x_wconf 92' lang='lat' dir='ltr'>in</span> <span class='ocrx_word' id='word_1_60' title='bbox 634 793 763 858; x_wconf 82' lang='lat' dir='ltr'>Tiburti</span> <span class='ocrx_word' id='word_1_61' title='bbox 784 795 805 874; x_wconf 93' lang='lat'>†</span> <span class='ocrx_word' id='word_1_62' title='bbox 828 796 886 856; x_wconf 90' lang='lat' dir='ltr'>aut</span> <span class='ocrx_word' id='word_1_63' title='bbox 906 792 1005 877; x_wconf 88' lang='lat' dir='ltr'>lepidi</span> 
     </span>
     <span class='ocr_line' id='line_1_8' title="bbox 60 881 1008 967; baseline -0.001 -21"><span class='ocrx_word' id='word_1_64' title='bbox 60 903 112 965; x_wconf 91' lang='lat' dir='ltr'>quo</span> <span class='ocrx_word' id='word_1_65' title='bbox 137 904 211 948; x_wconf 90' lang='lat' dir='ltr'>oum</span> <span class='ocrx_word' id='word_1_66' title='bbox 237 883 363 967; x_wconf 87' lang='lat' dir='ltr'>lepidus</span> <span class='ocrx_word' id='word_1_67' title='bbox 389 883 561 948; x_wconf 73' lang='lat' dir='ltr'>necessisse</span> <span class='ocrx_word' id='word_1_68' title='bbox 588 883 629 946; x_wconf 89' lang='lat' dir='ltr'>ad</span> <span class='ocrx_word' id='word_1_69' title='bbox 657 883 783 966; x_wconf 77' lang='lat' dir='ltr'>urbem,</span> <span class='ocrx_word' id='word_1_70' title='bbox 815 881 900 965; x_wconf 88' lang='lat' dir='ltr'>quod</span> <span class='ocrx_word' id='word_1_71' title='bbox 926 881 1008 945; x_wconf 90' lang='lat' dir='ltr'>item</span> 
     </span>
     <span class='ocr_line' id='line_1_9' title="bbox 59 969 1005 1055; baseline 0.002 -23"><span class='ocrx_word' id='word_1_72' title='bbox 59 969 164 1036; x_wconf 83' lang='lat' dir='ltr'>falsum</span> <span class='ocrx_word' id='word_1_73' title='bbox 185 971 279 1036; x_wconf 85' lang='lat' dir='ltr'>video</span> <span class='ocrx_word' id='word_1_74' title='bbox 303 992 384 1036; x_wconf 83' lang='lat' dir='ltr'>esse:</span> <span class='ocrx_word' id='word_1_75' title='bbox 408 971 454 1035; x_wconf 89' lang='lat' dir='ltr'>ait</span> <span class='ocrx_word' id='word_1_76' title='bbox 476 971 563 1035; x_wconf 92' lang='lat' dir='ltr'>enim</span> <span class='ocrx_word' id='word_1_77' title='bbox 576 969 717 1055; x_wconf 82' lang='lat' dir='ltr'>Lepidus</span> <span class='ocrx_word' id='word_1_78' title='bbox 730 990 805 1035; x_wconf 89' lang='lat' dir='ltr'>eum</span> <span class='ocrx_word' id='word_1_79' title='bbox 817 969 926 1035; x_wconf 85' lang='lat' dir='ltr'>neseio</span> <span class='ocrx_word' id='word_1_80' title='bbox 941 989 1005 1055; x_wconf 92' lang='lat' dir='ltr'>quo</span> 
     </span>
     <span class='ocr_line' id='line_1_10' title="bbox 59 1057 1006 1144; baseline -0.002 -21"><span class='ocrx_word' id='word_1_81' title='bbox 59 1063 233 1140; x_wconf 84' lang='lat' dir='ltr'>penetrasse</span> <span class='ocrx_word' id='word_1_82' title='bbox 255 1059 424 1125; x_wconf 82' lang='lat' dir='ltr'>itineribus</span> <span class='ocrx_word' id='word_1_83' title='bbox 447 1060 476 1144; x_wconf 80' lang='lat'>*‚</span> <span class='ocrx_word' id='word_1_84' title='bbox 498 1095 540 1106; x_wconf 95' lang='lat'>—-</span> <span class='ocrx_word' id='word_1_85' title='bbox 564 1058 748 1124; x_wconf 85' lang='lat' dir='ltr'>ooeultandi</span> <span class='ocrx_word' id='word_1_86' title='bbox 770 1057 820 1122; x_wconf 91' lang='lat' dir='ltr'>sui</span> <span class='ocrx_word' id='word_1_87' title='bbox 843 1079 940 1122; x_wconf 88' lang='lat' dir='ltr'>causa</span> <span class='ocrx_word' id='word_1_88' title='bbox 962 1079 1006 1122; x_wconf 85' lang='lat' dir='ltr'>en</span> 
     </span>
     <span class='ocr_line' id='line_1_11' title="bbox 59 1146 1006 1232; baseline -0.001 -22"><span class='ocrx_word' id='word_1_89' title='bbox 59 1147 145 1212; x_wconf 86' lang='lat' dir='ltr'>maris</span> <span class='ocrx_word' id='word_1_90' title='bbox 167 1147 345 1232; x_wconf 87' lang='lat' dir='ltr'>apisoendi‚</span> <span class='ocrx_word' id='word_1_91' title='bbox 370 1169 412 1212; x_wconf 88' lang='lat' dir='ltr'>ne</span> <span class='ocrx_word' id='word_1_92' title='bbox 441 1147 470 1212; x_wconf 85' lang='lat' dir='ltr'>is</span> <span class='ocrx_word' id='word_1_93' title='bbox 497 1147 626 1231; x_wconf 88' lang='lat' dir='ltr'>quidem</span> <span class='ocrx_word' id='word_1_94' title='bbox 649 1147 723 1231; x_wconf 81' lang='lat' dir='ltr'>soit3</span> <span class='ocrx_word' id='word_1_95' title='bbox 753 1147 886 1231; x_wconf 83' lang='lat' dir='ltr'>ignorat</span> <span class='ocrx_word' id='word_1_96' title='bbox 908 1146 1006 1212; x_wconf 87' lang='lat' dir='ltr'>etiam</span> 
     </span>
     <span class='ocr_line' id='line_1_12' title="bbox 60 1233 1005 1320; baseline 0.003 -24"><span class='ocrx_word' id='word_1_97' title='bbox 60 1233 92 1297; x_wconf 89' lang='lat' dir='ltr'>de</span> <span class='ocrx_word' id='word_1_98' title='bbox 111 1235 189 1318; x_wconf 82' lang='lat' dir='ltr'>fili03</span> <span class='ocrx_word' id='word_1_99' title='bbox 221 1236 311 1300; x_wconf 89' lang='lat' dir='ltr'>addit</span> <span class='ocrx_word' id='word_1_100' title='bbox 331 1235 412 1302; x_wconf 90' lang='lat' dir='ltr'>illud</span> <span class='ocrx_word' id='word_1_101' title='bbox 436 1257 513 1301; x_wconf 89' lang='lat' dir='ltr'>sane</span> <span class='ocrx_word' id='word_1_102' title='bbox 536 1234 722 1320; x_wconf 82' lang='lat' dir='ltr'>molestum,</span> <span class='ocrx_word' id='word_1_103' title='bbox 748 1235 918 1319; x_wconf 88' lang='lat' dir='ltr'>peouniam</span> <span class='ocrx_word' id='word_1_104' title='bbox 939 1233 1005 1299; x_wconf 90' lang='lat' dir='ltr'>Do·</span> 
     </span>
     <span class='ocr_line' id='line_1_13' title="bbox 60 1322 1006 1409; baseline 0 -23"><span class='ocrx_word' id='word_1_105' title='bbox 60 1323 140 1388; x_wconf 91' lang='lat' dir='ltr'>mitio</span> <span class='ocrx_word' id='word_1_106' title='bbox 162 1325 241 1389; x_wconf 88' lang='lat' dir='ltr'>satis</span> <span class='ocrx_word' id='word_1_107' title='bbox 262 1324 427 1409; x_wconf 77' lang='lat' dir='ltr'>grandem,</span> <span class='ocrx_word' id='word_1_108' title='bbox 449 1345 546 1408; x_wconf 89' lang='lat' dir='ltr'>quam</span> <span class='ocrx_word' id='word_1_109' title='bbox 559 1325 588 1389; x_wconf 89' lang='lat' dir='ltr'>is</span> <span class='ocrx_word' id='word_1_110' title='bbox 602 1322 736 1389; x_wconf 80' lang='lat' dir='ltr'>Corfinii</span> <span class='ocrx_word' id='word_1_111' title='bbox 757 1322 916 1406; x_wconf 85' lang='lat' dir='ltr'>habuerit,</span> <span class='ocrx_word' id='word_1_112' title='bbox 937 1343 1006 1387; x_wconf 91' lang='lat' dir='ltr'>non</span> 
     </span>
    </p>
   </div>
   <div class='ocr_carea' id='block_1_3' title="bbox 60 1410 1006 1586">
    <p class='ocr_par' dir='ltr' id='par_1_3' title="bbox 60 1410 1006 1586">
     <span class='ocr_line' id='line_1_14' title="bbox 61 1410 1006 1477; baseline 0.003 -4"><span class='ocrx_word' id='word_1_113' title='bbox 61 1431 120 1474; x_wconf 88' lang='lat' dir='ltr'>esse</span> <span class='ocrx_word' id='word_1_114' title='bbox 149 1411 316 1477; x_wconf 85' lang='lat' dir='ltr'>redditam.</span> <span class='ocrx_word' id='word_1_115' title='bbox 351 1411 401 1477; x_wconf 88' lang='lat' dir='ltr'>De</span> <span class='ocrx_word' id='word_1_116' title='bbox 427 1411 566 1477; x_wconf 89' lang='lat' dir='ltr'>Lentulo</span> <span class='ocrx_word' id='word_1_117' title='bbox 599 1416 707 1477; x_wconf 86' lang='lat' dir='ltr'>autam</span> <span class='ocrx_word' id='word_1_118' title='bbox 737 1411 822 1477; x_wconf 91' lang='lat' dir='ltr'>nihil</span> <span class='ocrx_word' id='word_1_119' title='bbox 849 1410 1006 1477; x_wconf 88' lang='lat' dir='ltr'>audimus.</span> 
     </span>
     <span class='ocr_line' id='line_1_15' title="bbox 60 1497 837 1586; baseline 0.006 -26"><span class='ocrx_word' id='word_1_120' title='bbox 60 1497 138 1564; x_wconf 84' lang='lat' dir='ltr'>liaeo</span> <span class='ocrx_word' id='word_1_121' title='bbox 158 1500 255 1566; x_wconf 85' lang='lat' dir='ltr'>velim</span> <span class='ocrx_word' id='word_1_122' title='bbox 278 1501 426 1586; x_wconf 85' lang='lat' dir='ltr'>exquiras</span> <span class='ocrx_word' id='word_1_123' title='bbox 448 1501 489 1564; x_wconf 92' lang='lat' dir='ltr'>ad</span> <span class='ocrx_word' id='word_1_124' title='bbox 513 1521 626 1585; x_wconf 87' lang='lat' dir='ltr'>meque</span> <span class='ocrx_word' id='word_1_125' title='bbox 648 1500 837 1584; x_wconf 79' lang='lat' dir='ltr'>perscribas.</span> 
     </span>
    </p>
   </div>
   <div class='ocr_carea' id='block_1_4' title="bbox 492 1677 668 1742">
    <p class='ocr_par' dir='ltr' id='par_1_4' title="bbox 492 1677 668 1742">
     <span class='ocr_line' id='line_1_16' title="bbox 492 1677 668 1742; baseline 0 0"><span class='ocrx_word' id='word_1_126' title='bbox 492 1677 564 1742; x_wconf 87' lang='lat' dir='ltr'>XV.</span> <span class='ocrx_word' id='word_1_127' title='bbox 660 1680 668 1700; x_wconf 82' lang='grc'><strong>“</strong></span> 
     </span>
    </p>
   </div>
   <div class='ocr_carea' id='block_1_5' title="bbox 119 1793 1033 2096">
    <p class='ocr_par' dir='ltr' id='par_1_5' title="bbox 119 1793 1033 2096">
     <span class='ocr_line' id='line_1_17' title="bbox 129 1793 927 1854; baseline 0.003 -2"><span class='ocrx_word' id='word_1_128' title='bbox 129 1793 184 1852; x_wconf 78' lang='lat' dir='ltr'>Sor.</span> <span class='ocrx_word' id='word_1_129' title='bbox 203 1797 323 1853; x_wconf 82' lang='lat' dir='ltr'>Formiis</span> <span class='ocrx_word' id='word_1_130' title='bbox 342 1813 366 1853; x_wconf 86' lang='lat' dir='ltr'>a.</span> <span class='ocrx_word' id='word_1_131' title='bbox 386 1797 413 1852; x_wconf 91' lang='lat' dir='ltr'>d.</span> <span class='ocrx_word' id='word_1_132' title='bbox 431 1797 465 1853; x_wconf 86' lang='lat' dir='ltr'>V.</span> <span class='ocrx_word' id='word_1_133' title='bbox 485 1797 582 1853; x_wconf 83' lang='lat' dir='ltr'>Nonas</span> <span class='ocrx_word' id='word_1_134' title='bbox 599 1797 716 1854; x_wconf 86' lang='lat' dir='ltr'>Martias</span> <span class='ocrx_word' id='word_1_135' title='bbox 735 1814 760 1853; x_wconf 85' lang='lat' dir='ltr'>a</span> <span class='ocrx_word' id='word_1_136' title='bbox 779 1815 806 1854; x_wconf 83' lang='lat' dir='ltr'>u.</span> <span class='ocrx_word' id='word_1_137' title='bbox 825 1814 848 1853; x_wconf 83' lang='lat' dir='ltr'>o.</span> <span class='ocrx_word' id='word_1_138' title='bbox 868 1799 927 1854; x_wconf 72' lang='lat'>705.</span> 
     </span>
     <span class='ocr_line' id='line_1_18' title="bbox 319 1901 735 1959; baseline -0.002 0"><span class='ocrx_word' id='word_1_139' title='bbox 319 1901 466 1959; x_wconf 73' lang='lat' dir='ltr'>CICERO</span> <span class='ocrx_word' id='word_1_140' title='bbox 484 1902 634 1958; x_wconf 72' lang='lat' dir='ltr'><strong><em>ATTICO</em></strong></span> <span class='ocrx_word' id='word_1_141' title='bbox 652 1903 735 1959; x_wconf 73' lang='lat' dir='ltr'>SAL.</span> 
     </span>
     <span class='ocr_line' id='line_1_19' title="bbox 119 2009 1033 2096; baseline -0.004 -19"><span class='ocrx_word' id='word_1_142' title='bbox 119 2009 155 2076; x_wconf 80' lang='grc' dir='ltr'>Α.</span> <span class='ocrx_word' id='word_1_143' title='bbox 190 2011 220 2077; x_wconf 90' lang='lat' dir='ltr'>d.</span> <span class='ocrx_word' id='word_1_144' title='bbox 252 2030 283 2076; x_wconf 89' lang='lat' dir='ltr'>v.</span> <span class='ocrx_word' id='word_1_145' title='bbox 312 2010 426 2077; x_wconf 88' lang='lat' dir='ltr'>Nonas</span> <span class='ocrx_word' id='word_1_146' title='bbox 457 2011 593 2076; x_wconf 89' lang='lat' dir='ltr'>Martias</span> <span class='ocrx_word' id='word_1_147' title='bbox 629 2012 782 2096; x_wconf 87' lang='lat' dir='ltr'>epistolas</span> <span class='ocrx_word' id='word_1_148' title='bbox 817 2009 899 2074; x_wconf 91' lang='lat' dir='ltr'>mihi</span> <span class='ocrx_word' id='word_1_149' title='bbox 933 2012 1033 2076; x_wconf 83' lang='lat' dir='ltr'>tuas1</span> 
     </span>
    </p>
   </div>
   <div class='ocr_carea' id='block_1_6' title="bbox 63 2093 1009 2272">
    <p class='ocr_par' dir='ltr' id='par_1_6' title="bbox 63 2093 1009 2272">
     <span class='ocr_line' id='line_1_20' title="bbox 63 2093 1007 2184; baseline 0 -24"><span class='ocrx_word' id='word_1_150' title='bbox 63 2093 199 2184; x_wconf 77' lang='lat' dir='ltr'>Aegypte</span> <span class='ocrx_word' id='word_1_151' title='bbox 221 2099 369 2184; x_wconf 84' lang='lat' dir='ltr'>reddidit,</span> <span class='ocrx_word' id='word_1_152' title='bbox 391 2121 490 2165; x_wconf 86' lang='lat' dir='ltr'>unam</span> <span class='ocrx_word' id='word_1_153' title='bbox 512 2104 662 2184; x_wconf 87' lang='lat' dir='ltr'>veterem,</span> <span class='ocrx_word' id='word_1_154' title='bbox 684 2117 743 2164; x_wconf 88' lang='lat'>1111.</span> <span class='ocrx_word' id='word_1_155' title='bbox 759 2098 832 2164; x_wconf 88' lang='lat' dir='ltr'>Kal.</span> <span class='ocrx_word' id='word_1_156' title='bbox 854 2119 952 2182; x_wconf 86' lang='lat' dir='ltr'>quam</span> <span class='ocrx_word' id='word_1_157' title='bbox 974 2101 1007 2160; x_wconf 90' lang='lat' dir='ltr'>te</span> 
     </span>
     <span class='ocr_line' id='line_1_21' title="bbox 64 2184 1009 2272; baseline 0 -24"><span class='ocrx_word' id='word_1_158' title='bbox 64 2187 162 2253; x_wconf 77' lang='lat' dir='ltr'>scribis</span> <span class='ocrx_word' id='word_1_159' title='bbox 185 2188 310 2254; x_wconf 87' lang='lat' dir='ltr'>dedisse</span> <span class='ocrx_word' id='word_1_160' title='bbox 332 2187 479 2272; x_wconf 88' lang='lat' dir='ltr'>Pinario,</span> <span class='ocrx_word' id='word_1_161' title='bbox 502 2210 598 2272; x_wconf 88' lang='lat' dir='ltr'>quem</span> <span class='ocrx_word' id='word_1_162' title='bbox 619 2209 688 2253; x_wconf 92' lang='lat' dir='ltr'>non</span> <span class='ocrx_word' id='word_1_163' title='bbox 709 2187 864 2269; x_wconf 84' lang='lat' dir='ltr'>vidimus,</span> <span class='ocrx_word' id='word_1_164' title='bbox 886 2184 921 2248; x_wconf 92' lang='lat' dir='ltr'>in</span> <span class='ocrx_word' id='word_1_165' title='bbox 944 2206 1009 2269; x_wconf 84' lang='lat' dir='ltr'>qun</span> 
     </span>
    </p>
   </div>
   <div class='ocr_carea' id='block_1_7' title="bbox 63 2273 1009 2716">
    <p class='ocr_par' dir='ltr' id='par_1_7' title="bbox 63 2273 1009 2716">
     <span class='ocr_line' id='line_1_22' title="bbox 63 2273 1009 2362; baseline 0.004 -26"><span class='ocrx_word' id='word_1_166' title='bbox 63 2279 228 2362; x_wconf 77' lang='lat' dir='ltr'>exspectas,</span> <span class='ocrx_word' id='word_1_167' title='bbox 261 2276 414 2362; x_wconf 85' lang='lat' dir='ltr'>quidnam</span> <span class='ocrx_word' id='word_1_168' title='bbox 445 2277 641 2361; x_wconf 81' lang='lat' dir='ltr'>praemissus</span> <span class='ocrx_word' id='word_1_169' title='bbox 670 2277 749 2361; x_wconf 85' lang='lat' dir='ltr'>agat</span> <span class='ocrx_word' id='word_1_170' title='bbox 778 2273 941 2340; x_wconf 84' lang='lat' dir='ltr'>Vibullius</span> <span class='ocrx_word' id='word_1_171' title='bbox 963 2307 1009 2320; x_wconf 91' lang='grc'>-</span> 
     </span>
     <span class='ocr_line' id='line_1_23' title="bbox 65 2361 1008 2445; baseline -0.004 -16"><span class='ocrx_word' id='word_1_172' title='bbox 65 2363 110 2444; x_wconf 88' lang='lat' dir='ltr'>qui</span> <span class='ocrx_word' id='word_1_173' title='bbox 131 2365 260 2430; x_wconf 91' lang='lat' dir='ltr'>omnino</span> <span class='ocrx_word' id='word_1_174' title='bbox 283 2386 351 2430; x_wconf 91' lang='lat' dir='ltr'>non</span> <span class='ocrx_word' id='word_1_175' title='bbox 374 2368 424 2430; x_wconf 85' lang='lat' dir='ltr'>est</span> <span class='ocrx_word' id='word_1_176' title='bbox 444 2365 532 2430; x_wconf 80' lang='lat' dir='ltr'>visus</span> <span class='ocrx_word' id='word_1_177' title='bbox 556 2361 740 2430; x_wconf 80' lang='lat' dir='ltr'>aGaesare:</span> <span class='ocrx_word' id='word_1_178' title='bbox 762 2362 796 2427; x_wconf 93' lang='lat' dir='ltr'>id</span> <span class='ocrx_word' id='word_1_179' title='bbox 819 2362 922 2426; x_wconf 86' lang='lat' dir='ltr'>altera</span> <span class='ocrx_word' id='word_1_180' title='bbox 943 2361 1008 2445; x_wconf 86' lang='lat' dir='ltr'>epi·</span> 
     </span>
     <span class='ocr_line' id='line_1_24' title="bbox 65 2449 1009 2538; baseline -0.002 -22"><span class='ocrx_word' id='word_1_181' title='bbox 65 2452 137 2516; x_wconf 81' lang='lat' dir='ltr'>stola</span> <span class='ocrx_word' id='word_1_182' title='bbox 157 2453 251 2519; x_wconf 90' lang='lat' dir='ltr'>video</span> <span class='ocrx_word' id='word_1_183' title='bbox 273 2457 305 2519; x_wconf 86' lang='lat' dir='ltr'>to</span> <span class='ocrx_word' id='word_1_184' title='bbox 328 2453 409 2518; x_wconf 89' lang='lat' dir='ltr'>seire</span> <span class='ocrx_word' id='word_1_185' title='bbox 432 2453 479 2518; x_wconf 85' lang='lat' dir='ltr'>ita</span> <span class='ocrx_word' id='word_1_186' title='bbox 501 2475 571 2518; x_wconf 87' lang='lat' dir='ltr'>esse</span> <span class='ocrx_word' id='word_1_187' title='bbox 594 2489 651 2538; x_wconf 88' lang='lat'>-,</span> <span class='ocrx_word' id='word_1_188' title='bbox 679 2455 713 2517; x_wconf 87' lang='lat' dir='ltr'>et</span> <span class='ocrx_word' id='word_1_189' title='bbox 739 2449 1009 2536; x_wconf 89' lang='lat' dir='ltr'>quemadmodum</span> 
     </span>
     <span class='ocr_line' id='line_1_25' title="bbox 64 2539 1008 2626; baseline 0.005 -28"><span class='ocrx_word' id='word_1_190' title='bbox 64 2539 237 2607; x_wconf 84' lang='lat' dir='ltr'>redeuntem</span> <span class='ocrx_word' id='word_1_191' title='bbox 268 2542 425 2626; x_wconf 80' lang='lat' dir='ltr'>excipiam</span> <span class='ocrx_word' id='word_1_192' title='bbox 458 2539 628 2606; x_wconf 79' lang='lat' dir='ltr'>Gaesarem</span> <span class='ocrx_word' id='word_1_193' title='bbox 662 2576 707 2588; x_wconf 94' lang='lat'>-</span> <span class='ocrx_word' id='word_1_194' title='bbox 743 2561 839 2625; x_wconf 86' lang='lat' dir='ltr'>quem</span> <span class='ocrx_word' id='word_1_195' title='bbox 874 2539 1008 2604; x_wconf 90' lang='lat' dir='ltr'>omnino</span> 
     </span>
     <span class='ocr_line' id='line_1_26' title="bbox 65 2625 1009 2716; baseline 0.004 -28"><span class='ocrx_word' id='word_1_196' title='bbox 65 2625 153 2694; x_wconf 84' lang='lat' dir='ltr'>vitare</span> <span class='ocrx_word' id='word_1_197' title='bbox 166 2630 274 2716; x_wconf 82' lang='lat' dir='ltr'>cogito</span> <span class='ocrx_word' id='word_1_198' title='bbox 292 2665 342 2714; x_wconf 86' lang='lat'>-,</span> <span class='ocrx_word' id='word_1_199' title='bbox 364 2633 397 2694; x_wconf 92' lang='lat' dir='ltr'>et</span> <span class='ocrx_word' id='word_1_200' title='bbox 410 2629 431 2708; x_wconf 90' lang='lat'><strong>†</strong></span> <span class='ocrx_word' id='word_1_201' title='bbox 445 2629 649 2696; x_wconf 88' lang='lat' dir='ltr'>authemonis</span> <span class='ocrx_word' id='word_1_202' title='bbox 671 2628 785 2714; x_wconf 80' lang='lat' dir='ltr'>fugam</span> <span class='ocrx_word' id='word_1_203' title='bbox 803 2627 910 2692; x_wconf 89' lang='lat' dir='ltr'>tendis</span> <span class='ocrx_word' id='word_1_204' title='bbox 924 2648 1009 2694; x_wconf 88' lang='lat' dir='ltr'>oom-</span> 
     </span>
    </p>
   </div>
   <div class='ocr_carea' id='block_1_8' title="bbox 65 2765 1013 3614">
    <p class='ocr_par' dir='ltr' id='par_1_8' title="bbox 65 2765 1013 3614">
     <span class='ocr_line' id='line_1_27' title="bbox 125 2765 1010 2836; baseline 0 -17"><span class='ocrx_word' id='word_1_205' title='bbox 125 2765 230 2836; x_wconf 77' lang='lat' dir='ltr'>Ep.14‚</span> <span class='ocrx_word' id='word_1_206' title='bbox 251 2774 275 2824; x_wconf 83' lang='lat'>³.</span> <span class='ocrx_word' id='word_1_207' title='bbox 295 2769 435 2824; x_wconf 82' lang='lat' dir='ltr'>andiimna</span> <span class='ocrx_word' id='word_1_208' title='bbox 454 2765 502 2836; x_wconf 87' lang='lat' dir='ltr'>(W</span> <span class='ocrx_word' id='word_1_209' title='bbox 504 2770 522 2836; x_wconf 75' lang='lat' dir='ltr'>,l</span> <span class='ocrx_word' id='word_1_210' title='bbox 540 2767 587 2821; x_wconf 87' lang='lat' dir='ltr'>vel</span> <span class='ocrx_word' id='word_1_211' title='bbox 604 2767 762 2822; x_wconf 80' lang='lat' dir='ltr'>andivimus</span> <span class='ocrx_word' id='word_1_212' title='bbox 781 2768 848 2836; x_wconf 61' lang='lat' dir='ltr'>(all</span> <span class='ocrx_word' id='word_1_213' title='bbox 867 2767 1010 2820; x_wconf 73' lang='lat' dir='ltr'>annianus</span> 
     </span>
     <span class='ocr_line' id='line_1_28' title="bbox 65 2831 1010 2907; baseline -0.004 -14"><span class='ocrx_word' id='word_1_214' title='bbox 65 2831 116 2888; x_wconf 86' lang='lat' dir='ltr'>II1.</span> <span class='ocrx_word' id='word_1_215' title='bbox 145 2867 177 2879; x_wconf 89' lang='lat'><em>-</em></span> <span class='ocrx_word' id='word_1_216' title='bbox 209 2839 283 2894; x_wconf 87' lang='lat' dir='ltr'>Ante</span> <span class='ocrx_word' id='word_1_217' title='bbox 305 2839 385 2894; x_wconf 85' lang='lat' dir='ltr'>modo</span> <span class='ocrx_word' id='word_1_218' title='bbox 403 2837 506 2894; x_wconf 80' lang='lat' dir='ltr'>excidit</span> <span class='ocrx_word' id='word_1_219' title='bbox 529 2837 607 2907; x_wconf 86' lang='lat' dir='ltr'>prius</span> <span class='ocrx_word' id='word_1_220' title='bbox 625 2837 698 2892; x_wconf 84' lang='lat' dir='ltr'>illud</span> <span class='ocrx_word' id='word_1_221' title='bbox 716 2837 750 2892; x_wconf 85' lang='lat' dir='ltr'>de</span> <span class='ocrx_word' id='word_1_222' title='bbox 768 2836 907 2904; x_wconf 88' lang='lat' dir='ltr'>Domitio,</span> <span class='ocrx_word' id='word_1_223' title='bbox 934 2835 1010 2904; x_wconf 88' lang='lat' dir='ltr'>quod</span> 
     </span>
     <span class='ocr_line' id='line_1_29' title="bbox 66 2901 1010 2979; baseline 0.003 -24"><span class='ocrx_word' id='word_1_224' title='bbox 66 2901 156 2962; x_wconf 83' lang='lat' dir='ltr'>selsam</span> <span class='ocrx_word' id='word_1_225' title='bbox 177 2925 237 2964; x_wconf 85' lang='lat' dir='ltr'>ease</span> <span class='ocrx_word' id='word_1_226' title='bbox 260 2908 356 2965; x_wconf 76' lang='lat' dir='ltr'>Cicero</span> <span class='ocrx_word' id='word_1_227' title='bbox 379 2909 542 2979; x_wconf 76' lang='lat' dir='ltr'>scripserat:</span> <span class='ocrx_word' id='word_1_228' title='bbox 573 2909 653 2962; x_wconf 83' lang='lat' dir='ltr'>nodo</span> <span class='ocrx_word' id='word_1_229' title='bbox 672 2948 678 2962; x_wconf 92' lang='lat'>.</span> <span class='ocrx_word' id='word_1_230' title='bbox 698 2950 727 2963; x_wconf 91' lang='lat'>..</span> <span class='ocrx_word' id='word_1_231' title='bbox 748 2947 777 2962; x_wconf 93' lang='lat'>..</span> <span class='ocrx_word' id='word_1_232' title='bbox 797 2907 873 2974; x_wconf 85' lang='lat' dir='ltr'>(Mal.</span> <span class='ocrx_word' id='word_1_233' title='bbox 892 2908 922 2961; x_wconf 91' lang='lat' dir='ltr'>et</span> <span class='ocrx_word' id='word_1_234' title='bbox 943 2905 1010 2974; x_wconf 87' lang='lat' dir='ltr'>W.).</span> 
     </span>
     <span class='ocr_line' id='line_1_30' title="bbox 67 2974 1008 3052; baseline -0.002 -23"><span class='ocrx_word' id='word_1_235' title='bbox 67 2976 189 3046; x_wconf 78' lang='lat' dir='ltr'>andinus,</span> <span class='ocrx_word' id='word_1_236' title='bbox 206 2981 286 3048; x_wconf 75' lang='lat' dir='ltr'>niodo</span> <span class='ocrx_word' id='word_1_237' title='bbox 304 2979 398 3050; x_wconf 77' lang='lat' dir='ltr'>vulgo.</span> <span class='ocrx_word' id='word_1_238' title='bbox 417 3009 452 3020; x_wconf 87' lang='lat'>—-</span> <span class='ocrx_word' id='word_1_239' title='bbox 472 2979 585 3033; x_wconf 77' lang='lat' dir='ltr'>stnrti</span> <span class='ocrx_word' id='word_1_240' title='bbox 604 2979 658 3033; x_wconf 67' lang='grc' dir='ltr'>Μ’.</span> <span class='ocrx_word' id='word_1_241' title='bbox 683 2977 758 3048; x_wconf 86' lang='lat' dir='ltr'>(vide</span> <span class='ocrx_word' id='word_1_242' title='bbox 776 2993 835 3052; x_wconf 67' lang='lat' dir='ltr'>rar.</span> <span class='ocrx_word' id='word_1_243' title='bbox 854 2977 917 3040; x_wconf 84' lang='lat' dir='ltr'>leot.</span> <span class='ocrx_word' id='word_1_244' title='bbox 936 2974 974 3030; x_wconf 82' lang='lat' dir='ltr'>M.</span> <span class='ocrx_word' id='word_1_245' title='bbox 995 2982 1008 3028; x_wconf 90' lang='lat'>1</span> 
     </span>
     <span class='ocr_line' id='line_1_31' title="bbox 67 3045 1012 3120; baseline -0.007 -13"><span class='ocrx_word' id='word_1_246' title='bbox 67 3048 118 3114; x_wconf 65' lang='lat'>53)</span> <span class='ocrx_word' id='word_1_247' title='bbox 151 3049 264 3119; x_wconf 75' lang='lat' dir='ltr'>Lepidi,</span> <span class='ocrx_word' id='word_1_248' title='bbox 292 3067 344 3120; x_wconf 78' lang='lat' dir='ltr'>qno</span> <span class='ocrx_word' id='word_1_249' title='bbox 367 3066 428 3106; x_wconf 80' lang='lat' dir='ltr'>enm</span> <span class='ocrx_word' id='word_1_250' title='bbox 448 3049 564 3118; x_wconf 79' lang='lat' dir='ltr'>Lepidis</span> <span class='ocrx_word' id='word_1_251' title='bbox 586 3049 711 3118; x_wconf 77' lang='lat' dir='ltr'>(Lepidis</span> <span class='ocrx_word' id='word_1_252' title='bbox 732 3049 839 3117; x_wconf 83' lang='lat' dir='ltr'>Iunius)</span> <span class='ocrx_word' id='word_1_253' title='bbox 862 3045 1012 3102; x_wconf 67' lang='lat' dir='ltr'>asamonaei</span> 
     </span>
     <span class='ocr_line' id='line_1_32' title="bbox 68 3115 1012 3191; baseline -0.012 -11"><span class='ocrx_word' id='word_1_254' title='bbox 68 3115 128 3186; x_wconf 72' lang='lat' dir='ltr'>llll.)</span> <span class='ocrx_word' id='word_1_255' title='bbox 146 3122 181 3175; x_wconf 85' lang='lat' dir='ltr'>ad</span> <span class='ocrx_word' id='word_1_256' title='bbox 198 3138 227 3176; x_wconf 84' lang='lat' dir='ltr'>n.</span> <span class='ocrx_word' id='word_1_257' title='bbox 246 3121 293 3190; x_wconf 90' lang='lat' dir='ltr'>(W</span> <span class='ocrx_word' id='word_1_258' title='bbox 295 3124 330 3191; x_wconf 76' lang='lat'>.)?</span> <span class='ocrx_word' id='word_1_259' title='bbox 353 3121 398 3176; x_wconf 81' lang='lat' dir='ltr'>An</span> <span class='ocrx_word' id='word_1_260' title='bbox 419 3119 565 3175; x_wconf 75' lang='lat' dir='ltr'>Tiburtino</span> <span class='ocrx_word' id='word_1_261' title='bbox 582 3119 684 3189; x_wconf 83' lang='lat' dir='ltr'>Lepidi</span> <span class='ocrx_word' id='word_1_262' title='bbox 702 3119 761 3188; x_wconf 79' lang='lat' dir='ltr'>(l.)?</span> <span class='ocrx_word' id='word_1_263' title='bbox 779 3147 815 3158; x_wconf 92' lang='lat'>-</span> <span class='ocrx_word' id='word_1_264' title='bbox 832 3116 1012 3170; x_wconf 74' lang='lat' dir='ltr'>itineribus*</span> 
     </span>
     <span class='ocr_line' id='line_1_33' title="bbox 69 3187 1012 3260; baseline 0 -16"><span class='ocrx_word' id='word_1_265' title='bbox 69 3217 94 3226; x_wconf 84' lang='lat'>-</span> <span class='ocrx_word' id='word_1_266' title='bbox 110 3205 159 3247; x_wconf 87' lang='lat' dir='ltr'>ooo.</span> <span class='ocrx_word' id='word_1_267' title='bbox 178 3191 226 3260; x_wconf 77' lang='lat' dir='ltr'>(l).</span> <span class='ocrx_word' id='word_1_268' title='bbox 252 3189 365 3247; x_wconf 77' lang='lat' dir='ltr'>Excidit</span> <span class='ocrx_word' id='word_1_269' title='bbox 382 3192 468 3246; x_wconf 67' lang='lat' dir='ltr'>deuiis</span> <span class='ocrx_word' id='word_1_270' title='bbox 481 3191 548 3260; x_wconf 89' lang='lat' dir='ltr'>(W.)</span> <span class='ocrx_word' id='word_1_271' title='bbox 566 3189 613 3245; x_wconf 82' lang='lat' dir='ltr'>vel</span> <span class='ocrx_word' id='word_1_272' title='bbox 630 3190 743 3245; x_wconf 72' lang='lat' dir='ltr'>omnine</span> <span class='ocrx_word' id='word_1_273' title='bbox 759 3187 807 3255; x_wconf 86' lang='grc'>(1.).</span> <span class='ocrx_word' id='word_1_274' title='bbox 830 3187 859 3252; x_wconf 72' lang='lat' dir='ltr'>i..</span> <span class='ocrx_word' id='word_1_275' title='bbox 873 3201 897 3241; x_wconf 89' lang='lat' dir='ltr'>o.</span> <span class='ocrx_word' id='word_1_276' title='bbox 916 3187 964 3240; x_wconf 84' lang='lat' dir='ltr'>vul</span> <span class='ocrx_word' id='word_1_277' title='bbox 986 3203 1012 3244; x_wconf 86' lang='lat' dir='ltr'>o.</span> 
     </span>
     <span class='ocr_line' id='line_1_34' title="bbox 68 3257 1013 3333; baseline -0.004 -17"><span class='ocrx_word' id='word_1_278' title='bbox 68 3287 95 3298; x_wconf 90' lang='lat'><em>-</em></span> <span class='ocrx_word' id='word_1_279' title='bbox 111 3278 144 3328; x_wconf 83' lang='lat' dir='ltr'>a,</span> <span class='ocrx_word' id='word_1_280' title='bbox 159 3279 193 3316; x_wconf 86' lang='lat' dir='ltr'>ne</span> <span class='ocrx_word' id='word_1_281' title='bbox 211 3263 237 3316; x_wconf 84' lang='lat' dir='ltr'>ie</span> <span class='ocrx_word' id='word_1_282' title='bbox 254 3279 278 3332; x_wconf 78' lang='lat' dir='ltr'>q.</span> <span class='ocrx_word' id='word_1_283' title='bbox 299 3264 346 3333; x_wconf 62' lang='lat' dir='ltr'>(p,</span> <span class='ocrx_word' id='word_1_284' title='bbox 363 3261 508 3332; x_wconf 54' lang='lat' dir='ltr'>Madvig).</span> <span class='ocrx_word' id='word_1_285' title='bbox 527 3259 575 3315; x_wconf 76' lang='lat' dir='ltr'>a?</span> <span class='ocrx_word' id='word_1_286' title='bbox 592 3262 701 3329; x_wconf 81' lang='lat' dir='ltr'>neieq.</span> <span class='ocrx_word' id='word_1_287' title='bbox 720 3258 751 3312; x_wconf 91' lang='lat' dir='ltr'>B.</span> <span class='ocrx_word' id='word_1_288' title='bbox 770 3257 912 3326; x_wconf 67' lang='lat' dir='ltr'>annonarii</span> <span class='ocrx_word' id='word_1_289' title='bbox 977 3258 1013 3325; x_wconf 86' lang='lat'>1).</span> 
     </span>
     <span class='ocr_line' id='line_1_35' title="bbox 67 3327 1013 3405; baseline -0.001 -22"><span class='ocrx_word' id='word_1_290' title='bbox 67 3330 131 3400; x_wconf 74' lang='lat' dir='ltr'>edin.</span> <span class='ocrx_word' id='word_1_291' title='bbox 148 3333 217 3402; x_wconf 69' lang='lat' dir='ltr'>(Mi,</span> <span class='ocrx_word' id='word_1_292' title='bbox 232 3331 386 3405; x_wconf 67' lang='lat' dir='ltr'>leiensi?</span> <span class='ocrx_word' id='word_1_293' title='bbox 406 3363 439 3372; x_wconf 91' lang='lat'><em>-</em></span> <span class='ocrx_word' id='word_1_294' title='bbox 458 3333 598 3388; x_wconf 83' lang='lat' dir='ltr'>nndiimns</span> <span class='ocrx_word' id='word_1_295' title='bbox 613 3331 679 3399; x_wconf 89' lang='lat' dir='ltr'>(W.)</span> <span class='ocrx_word' id='word_1_296' title='bbox 697 3328 745 3384; x_wconf 81' lang='lat' dir='ltr'>vel</span> <span class='ocrx_word' id='word_1_297' title='bbox 762 3329 920 3384; x_wconf 76' lang='lat' dir='ltr'>andivimus</span> <span class='ocrx_word' id='word_1_298' title='bbox 932 3327 1013 3396; x_wconf 67' lang='lat' dir='ltr'>(alli</span> 
     </span>
     <span class='ocr_line' id='line_1_36' title="bbox 67 3396 1013 3472; baseline -0.007 -15"><span class='ocrx_word' id='word_1_299' title='bbox 67 3396 110 3468; x_wconf 72' lang='lat' dir='ltr'>Ep.</span> <span class='ocrx_word' id='word_1_300' title='bbox 128 3409 167 3471; x_wconf 76' lang='lat'>15,</span> <span class='ocrx_word' id='word_1_301' title='bbox 186 3409 210 3457; x_wconf 83' lang='lat'>1.</span> <span class='ocrx_word' id='word_1_302' title='bbox 238 3404 269 3458; x_wconf 87' lang='lat' dir='ltr'>id</span> <span class='ocrx_word' id='word_1_303' title='bbox 286 3405 319 3457; x_wconf 84' lang='lat' dir='ltr'>in</span> <span class='ocrx_word' id='word_1_304' title='bbox 336 3403 425 3458; x_wconf 80' lang='lat' dir='ltr'>altera</span> <span class='ocrx_word' id='word_1_305' title='bbox 443 3403 527 3472; x_wconf 80' lang='lat' dir='ltr'>(W.)?</span> <span class='ocrx_word' id='word_1_306' title='bbox 547 3430 581 3442; x_wconf 87' lang='lat'>-</span> <span class='ocrx_word' id='word_1_307' title='bbox 599 3406 625 3456; x_wconf 75' lang='lat' dir='ltr'>et</span> <span class='ocrx_word' id='word_1_308' title='bbox 642 3401 680 3455; x_wconf 83' lang='lat' dir='ltr'>ad</span> <span class='ocrx_word' id='word_1_309' title='bbox 698 3398 835 3454; x_wconf 73' lang='lat' dir='ltr'>Chaonios</span> <span class='ocrx_word' id='word_1_310' title='bbox 852 3399 873 3465; x_wconf 84' lang='lat' dir='ltr'>f.</span> <span class='ocrx_word' id='word_1_311' title='bbox 892 3397 1013 3452; x_wconf 75' lang='lat' dir='ltr'>intendis</span> 
     </span>
     <span class='ocr_line' id='line_1_37' title="bbox 69 3467 1013 3614; baseline -0.007 -85"><span class='ocrx_word' id='word_1_312' title='bbox 69 3468 204 3614; x_wconf 43' lang='lat' dir='ltr'>(maid</span> <span class='ocrx_word' id='word_1_313' title='bbox 221 3473 246 3529; x_wconf 86' lang='lat' dir='ltr'>ie</span> <span class='ocrx_word' id='word_1_314' title='bbox 265 3489 300 3529; x_wconf 84' lang='lat' dir='ltr'>ex</span> <span class='ocrx_word' id='word_1_315' title='bbox 317 3492 344 3544; x_wconf 80' lang='lat' dir='ltr'>g.</span> <span class='ocrx_word' id='word_1_316' title='bbox 363 3472 435 3542; x_wconf 84' lang='lat' dir='ltr'>eonj.</span> <span class='ocrx_word' id='word_1_317' title='bbox 454 3471 606 3528; x_wconf 74' lang='lat' dir='ltr'>Chaoniam</span> <span class='ocrx_word' id='word_1_318' title='bbox 612 3491 623 3538; x_wconf 92' lang='lat'><em>;</em></span> <span class='ocrx_word' id='word_1_319' title='bbox 641 3473 683 3540; x_wconf 64' lang='lat' dir='ltr'>A„</span> <span class='ocrx_word' id='word_1_320' title='bbox 701 3473 734 3525; x_wconf 88' lang='lat' dir='ltr'>ut</span> <span class='ocrx_word' id='word_1_321' title='bbox 751 3469 779 3539; x_wconf 85' lang='lat'>1.,</span> <span class='ocrx_word' id='word_1_322' title='bbox 797 3468 963 3536; x_wconf 66' lang='lat' dir='ltr'>Heraeam</span> <span class='ocrx_word' id='word_1_323' title='bbox 980 3467 1013 3523; x_wconf 78' lang='lat' dir='ltr'>F.</span> 
     </span>
     <span class='ocr_line' id='line_1_38' title="bbox 68 3545 201 3601; baseline 0.008 -1"><span class='ocrx_word' id='word_1_324' title='bbox 68 3555 78 3592; x_wconf 63' lang='grc' dir='ltr'>ι</span> <span class='ocrx_word' id='word_1_325' title='bbox 150 3545 201 3601; x_wconf 78' lang='lat' dir='ltr'>ie?</span> 
     </span>
    </p>
   </div>
   <div class='ocr_carea' id='block_1_9' title="bbox 0 0 1271 3958">
    <p class='ocr_par' dir='ltr' id='par_1_9' title="bbox 0 0 1271 3958">
     <span class='ocr_line' id='line_1_39' title="bbox 0 0 1271 3958; baseline 0 0"><span class='ocrx_word' id='word_1_326' title='bbox 0 0 1271 3958; x_wconf 95' lang='lat' dir='ltr'> </span> 
     </span>
    </p>
   </div>
  </div>
 </body>
</html>
