2622 3962
197 315 203 328 ,
239 249 522 330 ,eneconem
538 251 589 306 AD
607 250 774 308 eumcum
791 253 812 307 1.
833 257 875 308 ra
895 257 936 308 re.
1030 201 1073 318 ll

119 395 274 480 eoeperit:
296 396 408 480 itaque
429 395 547 461 mirum
568 396 604 462 in
617 395 749 463 modum
763 418 875 463 omnes
889 419 910 463 a
923 419 957 463 se
970 397 1075 464 bonos

118 484 274 549 alienavit
299 505 404 568 neque
430 484 464 549 id
489 484 595 568 ,magis
623 485 764 550 amicitie
791 481 896 551 Clodii
919 485 1075 551 adductus

116 571 196 637 fecit
217 593 315 656 quam
338 571 444 637 studio
467 571 665 656 perditarum
682 593 789 638 rerum
803 577 900 658 atque
922 574 1076 658 pertium3

118 659 175 724 sed
196 659 298 724 hebet
320 661 370 724 sui
393 659 529 724 similem
550 660 586 724 in
604 660 849 746 magistratibus
872 665 1000 746 praeter
1013 659 1075 727 Fu·

116 747 196 812 fium
217 748 390 814 neminem.
426 745 528 812 Bonis
550 748 673 814 utimur
694 749 834 814 tribunis
856 750 909 834 pl,
932 747 1075 816 Oornuto

116 857 194 902 vero
216 834 475 901 Pseudocatonez
498 835 575 919 quid
599 835 748 920 quaeris?
770 833 868 902 Nunc
889 841 927 903 ut
949 837 990 903 ed
1012 837 1103 923 pri-²

116 927 192 989 vata
206 924 345 1009 redeam,
371 923 510 1008 Τεῦκρος
523 925 683 1009 promissa
695 925 851 1011 patravit:
872 927 910 990 tu
923 926 1077 990 mandata

117 1013 222 1096 effice,
258 1034 340 1097 quae
376 1011 535 1096 recepisti.
581 1011 617 1088 Q.
652 1013 771 1098 freter,
808 1013 863 1097 qui
894 1011 1076 1099 Argiletani

117 1100 254 1166 aedificii
288 1101 448 1184 reliquum
484 1100 674 1166 dodrantem
710 1100 789 1165 emit
823 1099 889 1166 HS.
920 1118 1077 1186 ocem,
1146 1149 1149 1157 ,

120 1187 340 1254 tusculanum
353 1187 509 1274 venditet,
530 1193 577 1273 ut,
600 1189 757 1273 sipossit,
780 1193 867 1254 emet
878 1187 1077 1254 Pacilianam

118 1275 258 1342 domum.
286 1274 369 1342 (lum
382 1275 519 1341 Lucceio
532 1277 569 1342 in
583 1277 723 1364 gratiam
741 1277 836 1342 redii:
858 1277 951 1343 video
974 1277 1076 1343 homi-

117 1385 192 1430 nem
220 1364 314 1430 valde
340 1365 523 1450 petitorium
553 1365 681 1431 navabo
714 1387 855 1450 operum.
900 1365 968 1452 Tu,
1000 1365 1077 1450 quid

117 1473 204 1538 ages,
227 1453 285 1518 ubi
307 1453 360 1537 sis,
384 1452 563 1518 cuiusmodi
585 1454 666 1518 istae
685 1476 737 1520 res
752 1454 826 1540 sint,
847 1451 900 1520 fac
914 1475 965 1520 me
980 1475 1076 1540 quem

118 1540 364 1626 diligentissime
387 1541 565 1606 certiorem.
600 1539 712 1608 Idibus
735 1541 828 1607 Febr.

565 1787 638 1854 XV.

277 1908 335 1964 Ser.
354 1907 460 1963 Itomae
478 1907 703 1979 Idibus-Martiis
722 1925 747 1964 a.
766 1926 794 1964 u.
812 1924 836 1963 e.
856 1913 918 1965 693.

410 2013 539 2070 CICERO
558 2013 692 2070 ATTICO
712 2013 788 2070 SAL.

183 2137 807 2224 AaiemQuinto,auerissimolrat1i,
839 2138 994 2224 obtigisse
1021 2157 1102 2204 au·1

119 2223 207 2310 diati3
230 2247 299 2292 non
321 2228 408 2292 enim
421 2228 544 2312 dubito,
567 2229 646 2312 quin
659 2228 793 2292 celerius
806 2226 945 2291 tibihoc
967 2247 1077 2292 rumor

15 2391 17 2396 Ι
119 2334 212 2399 quum
234 2315 331 2380 ullius
344 2319 493 2381 nostrum
505 2317 632 2380 litterae
646 2315 842 2380 nuntiarint:
865 2335 952 2380 nunc
976 2336 1076 2398 quon·

117 2400 182 2466 iam
204 2406 239 2467 et
260 2403 365 2468 leudis
390 2404 565 2468 avidissimi
592 2425 718 2489 semper
743 2403 865 2468 fuimus
893 2407 926 2468 et
948 2407 1077 2488 praeter

119 2493 241 2556 ceteros
273 2489 467 2575 φιλέλληνες
497 2494 531 2556 et
562 2513 672 2558 sumus
700 2496 733 2556 et
753 2491 910 2556 habemur
939 2495 974 2556 et
994 2493 1074 2556 mul·

15 2653 16 2656 ¹
116 2579 225 2644 torum
262 2579 337 2644 odia
372 2584 469 2664 etque
501 2580 686 2644 inimicitias
717 2579 764 2644 rei
795 2579 943 2664 publicae
978 2601 1076 2644 causa

15 2737 16 2748 χ
119 2667 330 2752 suscepimus,
360 2670 521 2751 παντοίης
542 2662 660 2753 ἀρετῆς
682 2662 863 2751 μιμνήσκεο
887 2687 1026 2752 curaque
1048 2672 1078 2732 et

118 2755 221 2838 effice,
238 2758 282 2835 *ut
304 2756 345 2820 ab
368 2754 518 2821 omnibus
541 2761 574 2820 et
596 2755 763 2822 laudemur
785 2759 818 2819 et
832 2775 984 2822 amemur.
1013 2753 1102 2820 Hier

118 2841 277 2907 derebus
299 2844 393 2926 plura
411 2843 452 2908 ad
474 2847 507 2908 te
529 2845 565 2908 in
588 2865 626 2909 ee
649 2843 786 2928 epistola
809 2843 956 2928 scribam,
978 2863 1075 2926 quem

117 2930 180 3014 ipsi
203 2929 325 3006 Quinto
353 2930 447 2996 dabo.
491 2930 541 2996 Tu
568 2953 620 2996 me
646 2932 743 2998 velim
770 2931 939 2996 certiorem
965 2929 1075 3012 facias,

119 3017 195 3100 quid
220 3016 259 3082 de
281 3019 362 3084 meis
383 3018 546 3084 mandatis
560 3019 673 3105 egeria,
695 3023 791 3104 atque
806 3019 914 3103 etiam,
936 3017 1013 3103 quid
1035 3017 1075 3082 de

118 3108 174 3170 tuo
197 3107 345 3190 negoti03
367 3128 454 3190 nam,
475 3110 514 3171 ut
525 3105 699 3172 Brundisio
722 3105 886 3192 profectus
900 3127 944 3190 es,
966 3105 1074 3170 nullae

118 3193 198 3258 mihi
221 3193 325 3259 abate
340 3198 418 3260 sunt
439 3194 581 3260 redditae
604 3196 744 3260 litterae:
765 3195 858 3261 uelde
881 3213 961 3260 aveo
984 3193 1075 3280 scire,

119 3281 194 3366 quid
218 3302 305 3368 ages.
349 3281 461 3348 Idibus
483 3279 618 3348 Martiis.

186 3506 302 3591 tibull,
320 3515 345 3564 6.
363 3526 388 3578 q.
407 3511 515 3578 quaeras
533 3513 607 3562 m.
624 3509 711 3565 Naue
727 3507 923 3579 (caaubonm
959 3511 983 3563 λ.
1001 3507 1074 3562 redis·

15 3617 16 3666 ζ
120 3576 266 3649 (lladvugu
282 3579 363 3650 conj„
382 3582 415 3635 ut
432 3580 489 3634 iam
505 3579 556 3649 lt).
575 3581 636 3636 redi
652 3580 746 3651 vulgo.
