2590 3964
240 247 501 302 EPISTOLARUM
519 247 568 302 AD
586 246 749 304 ATTICUM
767 249 813 303 111.
834 256 858 305 7.
877 255 902 304 8.
1009 247 1053 314 93

96 391 243 458 difficiles
256 390 401 474 haberes,
415 413 514 476 quum
525 391 600 456 inde
612 393 897 476 proficisceremur3
911 394 1054 476 accessit,

98 502 198 563 quum
210 479 406 564 Dyrrhachii
419 501 571 563 essemus,
593 485 631 545 ut
655 479 720 544 duo
731 480 837 545 nuntii
851 480 1053 546 afferrentur:

96 589 191 651 uuus,
213 569 316 632 classe
336 568 470 632 fratrem
484 566 614 652 Epheso
629 567 785 652 Athenas,
807 569 897 654 aller,
919 570 1054 654 pedibus

97 678 155 740 per
167 655 393 722 Macedoniam
413 656 535 722 venire:
557 657 666 740 itaque
688 657 735 722 illi
759 657 887 723 obviam
909 657 1054 724 misimus

97 743 259 827 Athenas,
287 747 326 808 ul
347 744 422 810 inde
446 744 709 812 Thessalonicam
730 745 867 827 vennam
898 745 961 830 ipsi
982 769 1055 830 pro·

95 834 252 899 cessimus
292 834 326 896 eh
361 833 624 898 Thessalonicam
656 855 684 898 a.
716 832 746 897 d.
777 851 809 898 x.
840 833 913 898 Kal.
943 833 1055 899 Iunias

96 919 472 1074 lichimmah
485 921 959 1093 dhdhillniiaqliiillllo
977 925 1056 1094 {di

97 1097 228 1164 leolum
279 1095 389 1180 Nunc,
424 1097 498 1162 islic
529 1097 606 1180 quid
643 1101 772 1182 agaim,
802 1118 929 1182 magno
960 1117 1082 1181 operer

97 1187 209 1250 timeo:
243 1207 439 1269 quamquam
466 1188 503 1250 iu
526 1187 629 1250 altera
651 1186 788 1269 epislola
811 1186 923 1250 scribis
945 1185 1056 1251 Idibus

98 1272 193 1340 Maiis
212 1273 319 1338 audiri
341 1274 419 1356 fore,
441 1276 479 1338 ul
492 1274 596 1340 acrius
617 1275 845 1358 poslularetur,
867 1274 970 1339 altera
991 1275 1057 1339 iam

98 1383 165 1428 esse
189 1361 337 1444 mitiora3
369 1360 424 1426 sed
450 1361 532 1435 haec
559 1366 609 1426 esi
633 1362 736 1447 pridie
765 1362 843 1427 daia
869 1384 966 1446 quam
992 1363 1057 1446 illa,

97 1473 160 1534 quo
184 1449 365 1514 conturbor
387 1450 504 1535 magis:
526 1450 635 1535 itaque
649 1472 749 1534 quum
761 1472 852 1516 meus
866 1473 917 1515 me
931 1473 1058 1516 maeror

98 1538 310 1622 quotidianus
332 1539 453 1602 laceral
476 1541 509 1602 ei
531 1538 673 1622 confidi,
704 1543 775 1604 lum
802 1560 877 1604 vero
900 1538 980 1603 hacc
1003 1539 1056 1604 ad·

98 1627 165 1692 dila
195 1648 274 1692 cura
300 1626 355 1690 vix
381 1626 461 1690 mihi
487 1627 588 1692 uitam
619 1627 775 1710 reliquam
801 1627 888 1692 facil.
933 1625 996 1692 Sed
1025 1631 1058 1692 el

99 1715 268 1800 navigatio
292 1714 489 1798 perdifficilis
515 1715 580 1780 fuit
602 1719 636 1779 et
656 1715 710 1779 ille
732 1716 886 1800 incertius,
916 1715 974 1780 ubi
997 1737 1057 1800 ego

98 1825 214 1886 essem,
236 1802 375 1886 fortasse
398 1803 497 1867 alium
520 1824 649 1868 cursum
670 1804 797 1887 patirih
819 1825 896 1868 nam
910 1803 1057 1869 Phaetho

100 1891 238 1962 liberius
261 1912 334 1955 eum
360 1911 430 1956 nou
455 1891 548 1956 vidis:
584 1894 681 1956 venio
708 1892 844 1957 reiectus
872 1893 913 1956 ab
940 1892 1000 1957 Ilio
1023 1893 1059 1956 in

100 1977 327 2044 Macedoniam
339 1977 447 2042 Pellae
460 1979 541 2044 mihi
563 1982 692 2062 praesto
712 1981 784 2044 fuit.
810 1979 948 2064 Reliqua
961 2002 1059 2064 quam

101 2067 183 2132 mihi
206 2067 352 2131 timenda
373 2067 452 2151 sini,
473 2067 566 2132 video
589 2088 662 2151 nec,
686 2067 762 2151 quid
785 2067 931 2150 scribam,
953 2068 1057 2132 habeo

103 2159 136 2219 el
157 2155 269 2220 omnia
295 2155 407 2238 timeo,
438 2176 498 2219 nec
524 2158 592 2219 iam
618 2157 771 2221 miserum
800 2158 850 2220 esi
876 2155 1059 2239 quidquam,

103 2242 189 2326 quod
220 2265 289 2308 non
322 2243 358 2306 in
390 2246 534 2308 nostram
564 2244 730 2308 forlunam
762 2243 874 2308 cadere
905 2243 1059 2308 videatur.
1122 2311 1125 2316 ,

103 2330 268 2415 Equidem
295 2331 400 2395 adhuc
431 2331 528 2395 miser
554 2331 589 2396 in
615 2331 762 2396 maximia
790 2331 869 2395 meis
897 2331 1058 2395 aerumnis
1182 2353 1193 2362 ·

104 2423 136 2484 el
156 2419 299 2483 luclibus
320 2419 384 2484 hoc
410 2423 499 2483 melu
526 2419 650 2485 adiecto
673 2441 788 2506 manco
812 2417 1058 2486 Thessalonicae

104 2528 279 2591 suspensus
301 2529 361 2571 nec
384 2506 486 2572 audeo
510 2508 692 2591 quidquam.
725 2505 821 2572 Nunc
845 2508 886 2573 ad
908 2530 955 2591 ea,
978 2526 1084 2592 quaes

104 2595 270 2679 scripsisti.
309 2595 516 2680 Tryphonem
539 2593 712 2661 Caecilium
733 2618 802 2662 non
824 2596 898 2661 vidi.
935 2595 1059 2661 Sermo·

104 2704 178 2748 nem
213 2687 308 2748 tuum
343 2689 376 2748 e'o
406 2683 550 2768 Pompeii
586 2685 725 2769 cognovi
761 2706 799 2748 cx
834 2685 899 2749 iuis
933 2685 1059 2750 litteris.

104 2769 232 2836 Motum
258 2771 294 2834 in
320 2792 355 2836 re
382 2773 511 2856 publica
537 2795 605 2837 non
632 2775 760 2837 lanium
787 2793 848 2858 ego
875 2773 1059 2857 impendere

105 2859 211 2942 video,
243 2863 399 2943 quonium
426 2864 463 2924 lu
486 2864 543 2924 aui
564 2859 652 2925 vides
676 2861 795 2926 autad
818 2883 869 2926 me
892 2863 1059 2926 consolan-

106 2947 181 3012 dum
214 2947 325 3030 affers3
356 2947 496 3032 Tigrane
527 2949 614 3013 enim
644 2950 793 3033 neglecto
825 2949 952 3018 sublata
977 2953 1054 3012 sune

106 3036 221 3101 omnia.
267 3035 408 3102 Varroni
434 3057 486 3100 me
515 3036 606 3102 iubes
638 3057 733 3122 agere
761 3037 894 3122 gralias:
926 3032 1061 3118 faciam3

106 3123 182 3188 ilem
196 3122 358 3207 Hypsaeo.
385 3123 477 3198 Quod
492 3124 615 3209 suades,
637 3146 678 3190 ne
698 3125 828 3211 longius
851 3123 1060 3205 discedamus,

107 3210 183 3276 dum
206 3214 280 3276 acia
301 3212 421 3276 mensis
435 3211 514 3276 Maii
526 3211 568 3278 ad
590 3233 650 3277 nos
672 3213 885 3296 perferantur,
906 3213 986 3295 puio
1008 3231 1060 3275 me

175 3435 227 3506 Ep.
242 3443 266 3504 8,
286 3443 309 3490 2.
330 3439 425 3493 audiri
437 3439 496 3504 fore
510 3439 558 3507 (Z.,
572 3441 634 3507 vc).
658 3439 788 3505 audires.
803 3437 906 3506 (Mau,
922 3434 1000 3506 Oxx„
1015 3438 1060 3508 β)9

107 3523 133 3560 a.
146 3511 171 3560 te
187 3507 208 3573 f.
228 3507 267 3575 (1,,
281 3508 343 3576 B.)?
361 3539 394 3548 -
414 3511 448 3564 ab
463 3510 523 3564 Ilio
542 3509 674 3578 (Madvig.
690 3508 771 3578 conj.‚
785 3508 835 3576 R).
855 3508 889 3562 ab
903 3509 951 3562 illo
966 3507 1059 3578 uulgo.

107 3582 130 3631 3.
149 3594 173 3647 q.
193 3577 274 3632 Audi
290 3595 366 3634 nunc
384 3579 421 3634 ad
439 3580 484 3636 val
502 3597 526 3649 q.
544 3579 582 3634 N.
602 3579 670 3634 audi
688 3579 726 3634 ad
744 3579 810 3648 (W.)
