2522 3960
176 279 437 338 nrlsuooanun
453 281 503 336 AD
521 279 686 338 A'l'rreun
704 282 750 337 Vl.
770 288 794 338 2.
813 288 839 336 3.
925 280 993 345 20⁴?

46 422 127 508 illud,
157 425 244 509 quod
270 447 322 490 me
351 427 487 492 maxime
514 427 657 514 angebat
682 465 727 476 -
753 449 821 493 non
846 449 912 512 quo
938 449 992 492 me

45 511 152 595 aliquid
174 513 286 580 iuvare
309 535 434 599 posaeo:
457 516 591 602 quippe;
612 537 663 582 res
678 517 763 582 enirn
777 517 875 581 estin
888 516 991 582 mani-

45 600 103 684 bus,
123 605 159 664 bu
183 605 292 690 aulem
315 603 392 670 abes
414 604 512 689 longe
535 605 694 690 gentium:

404 722 511 792 πολλὰ
535 719 567 791 d'
593 725 630 791 ἐν
653 731 832 815 μεταιχμίῳ

86 807 182 890 νότος
203 815 354 879 κυλίνδει
377 807 495 899 κύματ’
521 808 651 900 εὐρείης
672 809 753 891 ἁλός
774 839 832 880 -;

46 936 157 1020 obrepit
180 937 265 1020 dies,
293 940 331 1002 ub
352 938 441 1002 vides
465 974 507 986 -
530 939 610 1003 mihi
633 939 719 1004 enim
747 961 775 1004 a.
797 939 896 1004 d.111.
919 938 991 1004 Kal.

46 1020 139 1090 Sexhl.
163 1025 204 1090 de
227 1026 396 1112 provincia
418 1026 636 1092 decedendum
659 1030 709 1092 eeb
727 1063 780 1111 -,
802 1047 862 1092 neo
884 1047 992 1093 suece-

45 1112 125 1177 dibur.
171 1113 275 1190 Quem
307 1115 486 1200 relinquam
493 1165 502 1198 ,
538 1116 594 1200 qui
624 1115 810 1200 provinciae
845 1115 992 1200 praesit?

44 1198 126 1266 Ratio
149 1202 282 1286 quidem
304 1207 337 1268 et
360 1204 469 1289 opinio
492 1203 661 1270 hominum
683 1205 828 1288 postulat
848 1203 994 1287 fratrem,

45 1290 274 1375 primumquod
288 1291 414 1358 videbun
428 1313 497 1358 esse
515 1292 629 1376 honos,
651 1313 747 1357 nemo
762 1292 863 1378 igilur
876 1292 993 1377 potior,

46 1375 145 1444 deiude
174 1380 264 1464 quod
291 1381 396 1444 solum
426 1380 532 1446 habeo
563 1381 770 1465 praetorium,
800 1379 993 1464 Pomptinus

46 1467 118 1532 enim
139 1489 180 1532 ex
203 1471 300 1552 paolo
324 1470 357 1532 eb
379 1472 540 1534 conventu
557 1504 595 1514 -
618 1490 695 1534 nam
718 1490 756 1534 ea
777 1470 849 1554 lege
872 1469 994 1534 exierat

45 1555 153 1622 -iam
177 1578 199 1620 a
212 1577 264 1620 me
287 1555 490 1639 discesserab3
513 1560 717 1639 quaestorem
739 1577 834 1622 nemo
858 1556 993 1642 dignum

45 1645 137 1728 putat,
157 1645 282 1710 etenim
295 1649 345 1710 est
362 1645 450 1729 levis,
472 1644 673 1728 libidinosus,
695 1649 802 1730 tagax.
829 1645 879 1712 De
892 1645 1019 1712 fratrea
1062 1687 1064 1692 ,

46 1734 140 1798 aulem
168 1732 313 1818 primum
335 1733 413 1797 illud
437 1735 498 1798 eat:
535 1733 721 1817 persuaderi
748 1733 777 1798 ei
803 1755 872 1800 non
897 1755 993 1818 posse

47 1819 186 1904 arbitrum
220 1821 289 1885 odit
320 1822 405 1886 enirn
436 1821 649 1906 provinciam,
686 1825 719 1886 eb
749 1821 879 1888 hercule
910 1822 994 1888 nihil

47 1906 190 1994 odiosius,
221 1909 305 1974 nihil
336 1909 511 1974 molestius.
556 1909 696 1994 Deinde,
730 1913 769 1974 ub
799 1910 880 1975 mihi
911 1911 995 1976 nolib

46 1997 902 2172 pneumon
920 2019 993 2170 ro

508 2137 517 2170 ἲ

47 2172 173 2240 vinciam
198 2177 398 2258 erupturum,
418 2175 472 2239 hic
494 2175 646 2259 praesidii
667 2175 750 2240 nihil
773 2175 824 2258 sib,
846 2176 994 2257 sumptus

48 2281 161 2328 annuus
191 2263 338 2328 decretus
370 2264 426 2346 sib,
457 2263 646 2329 videaturne
678 2267 735 2328 aut
763 2261 895 2347 piatatis
924 2283 993 2326 eaeo

47 2368 124 2414 meae
145 2352 283 2418 fratrem
307 2347 511 2438 [relinquere]
540 2356 597 2418 aut
626 2350 812 2437 diligentiae
833 2370 994 2434 nugarum

48 2436 155 2522 aliquid
177 2440 384 2524 relinquere?
407 2460 528 2526 magna
540 2441 650 2526 igilur,
671 2444 708 2504 ub
720 2438 819 2523 vides,
841 2438 994 2504 sollieitu-

48 2522 110 2590 dine
132 2528 271 2612 afficior,
293 2549 413 2614 magna
435 2529 547 2613 inopia
569 2528 704 2594 consilii.
740 2526 823 2604 Quid
846 2527 993 2612 quaeris?

48 2615 107 2679 bobo
127 2617 262 2704 negotio
285 2617 380 2682 nohis
397 2639 479 2702 opus
501 2639 569 2684 non
591 2617 663 2682 fuit.
691 2615 821 2692 Quanto
842 2619 900 2680 tua
922 2637 994 2700 pro-

49 2701 142 2769 vincia
163 2705 293 2772 melior!
330 2705 472 2788 decadae,
495 2727 593 2790 quum
617 2705 716 2788 volco,
737 2704 801 2770 nisi
822 2703 907 2769 forie
929 2705 995 2770 iam

48 2787 216 2876 decessisbi3
239 2815 335 2877 quem
357 2794 527 2879 videbitur,
549 2792 714 2878 praeficies
729 2793 940 2876 Thesprotiae
962 2796 996 2859 eb

49 2874 209 2948 Chaoniae.
236 2880 384 2948 Necdum
406 2885 516 2948 tamen
531 2903 590 2967 ego
606 2881 761 2960 Quintum
774 2900 996 2962 conveneram,

48 2969 80 3028 ub
98 2969 174 3054 iarn,
197 2971 225 3038 ai
247 2970 281 3034 id
303 2971 458 3054 placereb,
480 2969 608 3054 scirem,
637 2973 789 3054 poasebnc
812 2969 853 3032 ab
876 2989 914 3032 eo
937 2967 1011 3031 im·¹

48 3058 166 3142 perrari,
188 3079 250 3124 neo
263 3062 383 3143 lamen,
405 3059 434 3123 si
447 3063 565 3143 persei,
588 3058 665 3143 quid
680 3059 805 3141 vellem,
826 3054 995 3120 habebam.

48 3139 183 3210 licceat
207 3145 310 3231 igitur
332 3145 498 3211 eiusmodi.
541 3145 678 3230 Reliqua
706 3147 803 3230 plena
830 3142 934 3208 adhuc
964 3146 1023 3206 ebs

50 3227 143 3298 laudis
166 3238 200 3300 eb
223 3235 357 3320 gratim,
380 3235 481 3322 digna
499 3234 539 3298 iis
561 3235 661 3318 libris,
684 3255 766 3318 quoa
787 3235 824 3296 bu
838 3229 997 3296 dilaudaar

110 3405 159 3476 Ep.
179 3415 204 3477 3,
226 3414 249 3463 1.
286 3409 391 3478 obrepit
410 3407 504 3477 (lion).
537 3409 655 3478 obrepsit
672 3407 766 3490 vulgo.
799 3436 832 3448 -
865 3408 998 3460 coaventu

51 3472 143 3546 (Mill,
161 3479 218 3548 Zh,
238 3477 327 3548 Onu).
355 3484 483 3534 conuento
502 3478 540 3547 (l.‚
562 3477 624 3547 B.)?
671 3485 695 3532 2.
724 3477 805 3546 adque
822 3475 949 3530 uideatur
966 3475 998 3528 ia
1030 3543 1033 3550 Ι

51 3543 126 3613 (Woo
143 3591 145 3597 ,
160 3555 185 3604 a.
203 3564 272 3618 quor
289 3555 321 3604 ro
339 3550 470 3604 dilaudas
487 3549 575 3616 uror,
590 3549 656 3618 cu).
675 3563 742 3618 quos
759 3547 802 3614 aba·
819 3546 920 3600 raucae
935 3544 996 3600 Mr.

51 3628 108 3682 quoa
124 3623 154 3673 ta
171 3621 189 3674 l.
207 3620 308 3690 ΜΨ),
326 3619 407 3690 ψΒΙ.
426 3636 450 3689 q.
470 3619 519 3674 dil.
538 3637 574 3689 v.,
593 3619 625 3674 B.
