2510 3958
220 224 288 289 254
494 219 546 279 ’Μ-
566 223 689 279 uuum
709 221 899 280 CICERONIS

222 369 351 454 quidem
372 369 427 434 iile
450 369 479 434 ai
499 369 689 454 repudiarit,
715 368 847 451 iacebit3
878 369 906 433 si
929 369 1100 454 acceperit,
1135 404 1192 434 -.

222 455 358 543 ,Utrum
388 457 520 544 igitur,“
550 458 689 542 inquies,
716 456 886 542 „mavis‘?“
929 456 1192 542 Responderem,

195 543 1190 719 ²utttttdttetutditta‘tztfflffit
1250 553 1251 568 ψ

223 744 243 787 a
271 723 367 788 nobis
394 723 510 787 teneri:
542 722 571 787 si
599 723 720 787 bellum
747 723 893 788 futurum
920 726 983 806 est,
1014 722 1189 808 negotium

222 811 311 876 utile.
356 808 525 876 Caesarem
547 810 676 894 quidem
699 809 735 874 L.
758 807 894 876 Caesare
917 831 990 876 cum
1020 810 1188 876 mandatis

222 900 263 965 de
275 921 354 984 pace
368 900 469 964 misso
486 902 596 963 tamen
610 899 702 964 aiunt
715 899 868 963 acerrime
882 897 1042 963 delectum
1054 899 1189 981 habere,
1251 947 1252 962 1

222 988 295 1054 loca
317 1009 473 1072 occupare
480 1037 488 1072 ,
509 987 532 1067 †
554 987 668 1052 vinciri
690 985 867 1072 praesidiis.
904 984 930 1051 Ο
953 987 1116 1071 perditum
1137 987 1187 1051 la·

221 1078 362 1142 monem!
399 1098 419 1143 o
450 1075 504 1142 uix
534 1076 602 1140 ullo
630 1076 697 1141 otio
725 1075 996 1159 compensandam
1023 1075 1110 1140 hanc
1135 1075 1187 1138 rei

221 1164 370 1250 publicae
393 1163 640 1249 turpitudinem!
687 1161 750 1228 Sed
772 1163 967 1228 stomachari
990 1162 1187 1246 desinamus,

221 1253 360 1337 tempori
373 1273 554 1336 parcamus,
568 1271 642 1317 eum
650 1250 847 1336 Pompeioin
855 1251 1049 1338 Hispaniam
1060 1273 1185 1317 eamus:

221 1341 303 1406 hacc
321 1341 411 1425 optio
433 1341 469 1405 in
491 1341 594 1424 malie,
616 1341 770 1425 quoniam
782 1340 870 1405 illius
883 1340 1022 1405 alterum
1036 1340 1185 1406 consula·
1252 1343 1253 1346 ’

222 1431 294 1494 tum
315 1450 336 1493 a
361 1449 397 1494 rs
427 1429 557 1514 publica
578 1449 620 1493 ne
644 1429 721 1494 data
752 1428 880 1512 quidem
912 1429 1080 1493 occasione
1111 1449 1184 1512 rep·

196 1517 373 1601 apulimus.
417 1516 481 1583 Sed
510 1517 591 1582 haec
621 1517 788 1582 hactenus.
832 1515 882 1582 De
908 1516 1068 1601 Dionysio
1095 1515 1186 1602 fugit

222 1627 274 1670 me
297 1605 338 1671 ad
360 1610 393 1670 te
422 1609 518 1672 antea
541 1606 692 1691 scribere,
721 1605 777 1670 aad
804 1605 852 1670 ita
879 1605 1045 1688 constitui,
1072 1625 1183 1688 exspe

225 1698 311 1759 ctare
333 1715 490 1778 responsa
502 1691 658 1776 Caesaris,
679 1697 725 1777 ut,
748 1694 776 1757 si
798 1693 839 1758 ad
862 1694 975 1758 urbem
997 1693 1185 1775 rediremus,

223 1781 270 1846 ibi
291 1803 353 1848 noe
374 1785 587 1867 exspectaret,
614 1783 666 1848 sin
687 1781 811 1847 tardius
833 1780 865 1845 id
888 1781 992 1865 ficret,
1013 1785 1085 1846 tum
1108 1803 1183 1846 eum

107 1871 115 1884 '
224 1891 464 1936 arcesseremus.
500 1868 651 1954 Omnino,
673 1870 750 1954 quid
772 1870 827 1933 ille
848 1869 956 1934 facere
977 1869 1127 1934 debuerit
1147 1870 1184 1933 in

223 1961 336 2024 nostra
348 1959 405 2024 illa
416 1960 506 2044 fuga,
529 1959 606 2043 quid
619 1957 714 2023 docto
736 1957 867 2023 homine
881 1961 914 2022 at
928 1957 1031 2023 amico
1045 1956 1183 2043 dignum

223 2047 331 2132 fuerit,
353 2069 452 2131 quum
465 2047 653 2133 praesertim
666 2049 801 2131 rogatus
815 2051 908 2130 esset,
930 2047 1007 2130 scio,
1029 2047 1087 2110 sed
1101 2046 1183 2110 haec

223 2157 291 2200 non
312 2135 409 2200 nimis
432 2135 564 2220 exquiro
586 2157 607 2199 a
630 2133 772 2198 Graecis:
801 2137 838 2198 tu
860 2137 970 2198 tanmn
992 2133 1132 2219 uidebis,
1155 2134 1183 2198 si

223 2224 294 2308 en‘t,
316 2223 402 2309 quod
424 2224 536 2307 nolim,
559 2223 775 2307 arcessendus,
797 2243 839 2287 ne
861 2223 989 2288 molesti
1012 2223 1112 2287 simus
1134 2222 1183 2287 in-

194 2312 301 2377 «vito.
345 2311 483 2387 Quintus
504 2310 606 2376 frater
627 2311 768 2395 laborat,
798 2313 836 2375 ut
862 2311 936 2395 tibi,
968 2311 1054 2394 quod
1077 2310 1184 2394 debet,

224 2399 266 2462 ab
287 2397 430 2485 Egnatio
454 2401 568 2483 solvat,
589 2420 649 2464 nec
669 2397 812 2484 Egnatio
834 2399 986 2465 voluntas
1009 2399 1100 2464 deest
1121 2420 1184 2464 nec

222 2507 338 2570 parum
359 2486 503 2571 locuples
524 2491 588 2569 ast,
610 2487 680 2570 sed,
707 2509 806 2570 quum
827 2488 893 2552 tale
915 2491 1043 2571 tempus
1066 2487 1123 2566 sit,
1145 2490 1184 2552 nt

223 2573 261 2650 Q.
284 2572 424 2639 Titinius
446 2611 489 2622 -
512 2575 650 2640 multum
677 2575 763 2642 enim
786 2579 837 2640 eut
856 2575 1026 2640 nobiscum
1048 2609 1093 2622 -
1115 2575 1184 2640 uia·

222 2662 323 2727 ticum
353 2683 388 2728 se
419 2667 517 2748 neget
554 2663 673 2728 habere
703 2663 851 2749 idemque
883 2664 1082 2729 debitoribus
1115 2664 1184 2728 suis

223 2749 437 2834 denuntiarit,
462 2754 500 2816 ut
522 2751 634 2817 eodem
656 2751 768 2816 fenore
790 2755 971 2836 uterentur,
998 2754 1096 2836 atque
1119 2752 1184 2818 hcc

222 2838 308 2904 idem
337 2839 436 2904 etiam
457 2837 493 2903 L.
515 2837 616 2925 Ligus
642 2839 756 2904 fecisse
779 2839 904 2904 dicatur
929 2861 990 2904 nec
1015 2839 1079 2905 hoc
1101 2844 1184 2905 tam·

221 2948 301 3012 pore
323 2930 380 2994 aut
402 2926 490 2992 domi
511 2948 661 2992 nummos
674 2926 814 3003 Quintus
834 2927 955 2993 habeat
974 2931 1032 2993 aut
1053 2928 1183 3014 exigere

222 3016 264 3080 ab
295 3013 439 3101 Egnatio
476 3017 534 3082 aut
564 3035 730 3080 versuram
764 3037 901 3100 usquam
931 3017 1037 3080 facere
1068 3017 1184 3101 possit,

221 3103 358 3169 miratur
384 3107 417 3169 ta
444 3124 512 3169 non
537 3103 689 3172 habuisse
718 3103 878 3169 rationem
904 3104 1000 3170 huius
1032 3105 1184 3191 publicae

223 3191 436 3275 difficultatis3
459 3211 521 3277 ego
544 3195 662 3275 autem,
683 3191 744 3255 etsi
766 3191 846 3256 illud
868 3187 1182 3275 ψευδησιόδειον-

221 3279 270 3343 ite
283 3279 370 3345 anim
390 3281 524 3364 putatur
536 3314 580 3327 -
595 3278 740 3363 observo,
761 3275 847 3362 μηδὲ
860 3279 969 3366 δίκην,
991 3282 1183 3364 praesertim

292 3487 344 3556 up.
365 3492 451 3556 1a‚2.
479 3487 592 3542 seam
609 3487 725 3612 (vulg).
745 3487 885 3543 amam
902 3488 923 3543 1.
946 3488 1066 3546 seam
1084 3489 1182 3546 naa.

221 3582 258 3598 ·—
274 3560 293 3624 †
310 3557 413 3612 vinem
431 3556 506 3626 (W.).
524 3557 661 3627 munire(
700 3559 756 3627 cn.)
773 3559 825 3613 aut
837 3560 941 3615 cinara
958 3561 1013 3630 (a).
1031 3562 1137 3618 viadri
1148 3559 1182 3616 B.
