2484 3974
245 222 308 286 338
527 223 565 278 Μ.
586 223 711 280 TULLII
729 223 920 280 CICERONIS

243 368 352 456 peium
374 367 548 434 Brundisio
572 369 646 433 ad.
668 387 737 434 xva
751 369 790 434 K.
805 369 934 454 Apriles
957 392 1031 435 cum
1056 371 1189 436 omnibus

244 457 359 542 copiis,
382 480 462 542 quas
485 457 613 542 habuit,
636 457 818 542 profectum
840 479 923 542 esse;
954 457 1126 524 Caesarem
1146 482 1190 544 po·

244 549 330 612 stero
358 546 409 612 die
431 546 467 610 in
494 546 649 631 oppidum
678 547 843 629 introisse,
870 547 1101 614 concionatum
1127 569 1191 617 esse.

244 635 319 699 inde
350 634 489 700 Romam
520 635 737 718 contendisse,
768 635 849 699 vella
882 639 957 700 ante
989 636 1030 701 K.
1064 657 1132 701 esse
1160 637 1191 700 ad

243 723 357 788 urbem
385 726 418 787 et
444 723 598 807 pauculos
631 723 698 788 dies
725 723 770 787 ibi
798 725 1003 808 commorari,
1034 725 1191 789 deindeiu

243 810 419 896 Hispanias
441 811 609 896 proficisci.
645 810 749 877 Nobis
772 833 840 877 non
863 812 1005 878 alienum
1019 815 1126 878 visum
1146 817 1190 896 est,

244 901 397 986 quoniam
421 901 459 964 de
474 899 615 966 adventu
634 897 780 966 Caesaris
803 923 862 985 pro
886 905 973 966 certo
996 901 1191 982 habebamus,

243 1011 360 1074 pueros
382 992 457 1053 tuos
481 988 522 1052 ad
544 991 576 1052 te
598 989 772 1072 remittere,
795 993 832 1053 ut
847 989 881 1054 id
894 993 931 1054 tu
945 1012 1046 1074 quarn
1068 991 1190 1075 primum

245 1077 351 1142 scires.
395 1077 552 1142 Mandata
582 1081 640 1142 tua
668 1078 764 1143 nobis
792 1099 885 1144 curae
913 1081 992 1143 sunt
1024 1101 1138 1164 eaque,
1163 1083 1191 1141 at

243 1169 371 1251 tempus
394 1165 580 1250 postularit,
609 1186 756 1251 agemus:
790 1165 961 1232 [trebatius
988 1168 1104 1232 sedulo
1128 1167 1191 1232 facit

244 1257 282 1324 ut
305 1254 483 1318 antecedat.

310 1342 460 1427 Epistola
489 1344 675 1428 conscripta
706 1344 893 1409 nuntiatum
923 1347 975 1409 est
1004 1345 1104 1412 nobis
1129 1342 1190 1410 Cae

244 1453 349 1496 sarem
381 1453 408 1494 a.
436 1431 465 1495 d.
492 1449 561 1497 vm.
584 1432 625 1497 K.
652 1431 754 1517 April.
798 1431 977 1498 Beneventi
1008 1455 1189 1512 mansurum,

245 1542 272 1584 a.
296 1521 326 1585 d.
348 1537 406 1584 vn.
429 1517 567 1604 Capuae,
590 1543 618 1585 a.
633 1520 662 1586 d.
683 1537 728 1586 v1.
743 1517 926 1586 Sinuessae:
948 1522 1011 1588 hoc
1036 1545 1097 1608 pro
1119 1526 1189 1586 certa

244 1612 404 1693 putamus.

682 1750 772 1816 XVI.

245 1871 303 1927 Ser.
325 1869 357 1926 in
374 1869 523 1926 Formiano
549 1887 573 1926 a.
594 1871 620 1925 d.
640 1870 699 1925 Vll.
719 1871 859 1926 Kalendas
877 1871 988 1942 Apriles
1011 1887 1037 1928 a
1057 1889 1085 1930 a
1103 1889 1125 1928 c.
1141 1875 1187 1926 lot.

517 1975 664 2033 CICERO
682 1975 833 2032 ATTICO
851 1976 934 2032 SAL.

141 2159 146 2166 „
217 2102 229 2146 ι
311 2086 430 2171 Quum,
462 2087 547 2172 quod
579 2086 751 2151 scriberem
783 2085 824 2150 ad
855 2088 902 2170 tc,
932 2087 1015 2152 nihil
1043 2087 1186 2164 haberem,

244 2181 367 2260 tamen,
406 2197 448 2242 ne
486 2197 581 2260 quem
618 2175 703 2240 diem
738 2175 996 2262 intermitterem,
1036 2176 1098 2242 has
1131 2173 1185 2238 dedi

243 2267 378 2334 litteras.
404 2264 444 2330 A.
458 2264 488 2329 d.
501 2281 546 2330 v1.
568 2263 608 2329 K.
632 2261 802 2330 Caesarem
824 2262 994 2329 Sinuessae
1017 2282 1185 2330 mansurum

244 2354 457 2438 nuntiabant3
480 2353 521 2417 ab
545 2374 582 2418 ec
606 2353 686 2418 mihi
708 2353 835 2417 littmae
857 2351 1000 2418 redditae
1024 2357 1103 2418 sunt
1123 2349 1184 2416 ad.

244 2461 302 2506 vn.
323 2442 373 2526 K„
396 2442 511 2526 quibus
533 2441 599 2506 iarn
620 2440 736 2526 ,‚0pes“
758 2463 855 2526 meas,
877 2462 954 2525 non,
975 2444 1013 2506 ut
1034 2437 1184 2528 superiori·

245 2531 306 2595 bus
327 2531 445 2596 littaris
467 2529 607 2615 ‚‚opem“
629 2533 801 2616 exspectat.
849 2528 955 2606 Quum
978 2531 1047 2596 cius
1071 2533 1184 2596 clemen·

245 2619 325 2684 tiam
339 2616 570 2685 Corfiniensem
591 2619 682 2684 illam
704 2640 762 2704 per
783 2619 909 2683 litteras
932 2619 1184 2696 collaudavissem

245 2708 410 2792 rescripsit
430 2708 493 2774 hoc
516 2709 676 2793 exemplo:

365 2827 526 2898 „CAESAR
544 2828 617 2884 IMP.
637 2827 811 2884 CICERONI
829 2827 900 2884 IMP.
920 2829 997 2884 SAL.
1017 2829 1088 2886 DlC.

219 2955 233 2996 ¹
312 2941 412 3006 Recte
433 2939 601 3024 auguraris
620 2938 659 3003 de
676 2958 728 3002 me
743 2973 784 2984 -
799 2937 882 3002 bene
904 2937 991 3002 enim
1013 2939 1075 3003 tibi
1097 2931 1184 3022 cogni·

245 3033 299 3094 tus
322 3052 393 3126 sum
416 3065 458 3077 -
481 3028 564 3092 nihil
587 3049 607 3092 a
629 3047 680 3090 me
708 3026 820 3091 abesse
849 3026 979 3111 longius
1007 3025 1184 3100 crudelitate,

213 3189 214 3192 ,
316 3150 367 3222 Ep.
380 3155 421 3220 15,
436 3157 461 3206 6.
480 3148 577 3205 habeut
595 3149 659 3216 (ua,
676 3147 717 3216 h.;
736 3148 797 3203 lauit
810 3163 874 3202 cum
891 3147 1000 3202 duobus
1014 3148 1130 3204 arcubus
1140 3141 1181 3208 ll).

245 3221 371 3277 babuerit
388 3221 447 3289 RI.,
467 3219 544 3290 Oxx„
559 3222 584 3291 β,
601 3219 633 3273 Β.
653 3247 687 3260 -
705 3219 743 3273 K.
758 3219 851 3289 April.
869 3218 1020 3274 Beneuenti
1037 3227 1183 3274 mausum,

246 3309 272 3347 a.
291 3293 318 3347 a.
342 3291 416 3347 VII.
436 3291 557 3360 Capuae,
576 3309 602 3347 a.
621 3291 648 3346 d.
673 3289 726 3345 VI.
745 3289 805 3344 Sia.
826 3291 859 3358 (c.
878 3306 907 3344 ar
935 3288 975 3359 C,
992 3289 1021 3344 b.
1040 3305 1069 3346 c:
1088 3289 1130 3354 El.
1155 3281 1182 3336 K·

247 3362 307 3417 Sia.
332 3363 442 3428 (ceteris
461 3361 582 3430 omissis)
604 3361 665 3415 Μ1.
703 3361 741 3416 Κ.
762 3359 874 3430 Capuae
896 3377 921 3415 a.
941 3361 967 3414 al.
993 3359 1046 3415 VI.
1065 3360 1122 3416 Sia
1141 3367 1181 3420 ng·

246 3431 293 3497 M„
311 3431 371 3499 RI.,
391 3430 470 3498 Oxx„
487 3431 519 3486 B.
568 3431 619 3502 Ep.
640 3437 682 3498 16,
703 3437 726 3486 1.
759 3431 807 3497 Κ,
826 3432 858 3485 iu
875 3432 976 3501 quibua
991 3431 1050 3486 iam
1068 3429 1183 3499 (ΜΡ

247 3504 279 3553 ut
295 3502 433 3568 iusuper.
452 3502 497 3568 (a,
517 3504 569 3569 ab?
596 3531 628 3542 -
656 3517 718 3570 saep.
737 3503 835 3557 litteris
852 3502 946 3571 uulgo.
978 3517 999 3557 a
1020 3501 1063 3574 [l.]
1081 3501 1146 3566 Em..
1160 3491 1182 3548 fl·

247 3576 273 3627 2.
292 3571 444 3640 amurars'a
461 3574 492 3622 tu
509 3571 542 3625 de
560 3573 621 3640 (l.)?
640 3574 808 3641 superaturi
826 3573 859 3627 de
876 3573 935 3627 Μ1.
