2608 3972
226 295 489 353 EPISTULARUM
506 299 556 353 AD
574 299 740 356 ATTICUM
757 301 791 358 Il.
812 310 836 360 1.
970 303 1012 367 47

73 439 226 525 posuisses3
258 462 325 528 ego
349 443 434 508 enim
456 443 517 509 tibi
539 466 591 511 me
613 467 681 511 non
704 447 884 514 offerebam.
921 447 1041 525 Quoue

73 529 189 614 quaeris,
211 531 291 614 quid
317 531 369 614 sit,
391 532 477 616 quod
498 536 532 597 te
546 548 714 620 arcessam,
737 557 774 601 ac
797 537 892 602 simul
914 538 1013 622 impe·

72 614 158 682 ditum
179 620 210 683 te
233 620 381 704 negotiis
395 641 464 686 esse
480 620 642 707 significas
656 645 760 708 neque
774 646 912 710 recusas,
935 627 1014 709 quin

70 725 125 768 non
144 706 248 792 modo,
273 707 401 793 sicpus
414 709 466 794 sit,
488 710 666 796 sedetiam,
688 712 716 777 si
730 713 835 798 velim,
858 735 1014 799 accurras,

70 792 137 858 nihil
157 817 235 860 sane
263 799 318 862 est
343 817 489 882 necesse,
514 802 735 865 verumtamen
762 801 911 866 videbare
934 801 1014 867 mihi

70 885 197 966 tempora
212 885 489 972 peregrinationis
503 887 700 953 commodius
714 911 808 972 posse
823 889 1013 955 describere:

69 969 149 1036 nimis
170 972 247 1038 sbes
272 973 347 1058 diu,
367 975 557 1059 praesertim
578 983 677 1060 quum
701 978 744 1041 sis
767 979 802 1041 in
824 979 1014 1062 propinquis

69 1059 149 1144 locis,
169 1082 277 1146 neque
301 1084 363 1128 nos
385 1067 417 1128 te
439 1063 577 1130 fruimur
599 1069 632 1130 et
653 1068 690 1130 tu
713 1066 808 1131 nobis
831 1087 928 1132 cares.
964 1067 1014 1131 Ac

68 1167 141 1212 nunc
161 1151 295 1233 quidem
318 1151 421 1217 otium
443 1154 505 1237 est,
537 1154 606 1237 sed,
638 1154 665 1217 si
691 1155 801 1238 paullo
829 1155 901 1237 plus
924 1155 1015 1220 furor

69 1233 208 1304 Pulchelli
230 1240 388 1326 progredi
409 1244 534 1326 posset,
565 1241 658 1306 valde
690 1263 751 1328 ego
783 1245 815 1306 te
846 1243 934 1308 istim
962 1264 1013 1307 ex·

70 1324 197 1411 citarem;
223 1350 342 1393 verum
367 1330 530 1412 praeclare
557 1328 707 1395 Metellus
733 1331 868 1414 impedit
895 1335 928 1397 et
954 1333 1012 1397 im·

72 1413 173 1495 pediet:
196 1417 276 1501 quid
301 1415 450 1502 quaeris?
478 1420 529 1483 est
550 1419 662 1483 consul
685 1415 882 1504 φιλόπατρις
904 1423 950 1504 et,
976 1424 1014 1484 ut

71 1521 179 1586 semper
204 1506 363 1590 iudicavi,
398 1509 516 1570 nature
547 1506 661 1582 bonus.
710 1505 769 1572 Ille
807 1511 915 1572 autem
945 1529 1040 1572 nona

73 1589 199 1678 simulat,
226 1595 285 1658 sed
309 1595 406 1678 plane
428 1594 578 1660 tribunus
605 1595 648 1680 pl.
670 1595 741 1659 fieri
763 1596 864 1680 eupit:
892 1598 1014 1680 quade

71 1698 98 1741 re
118 1701 210 1763 quum
232 1682 271 1747 in
296 1686 411 1748 senatu
434 1686 596 1768 ageretur,
618 1683 702 1770 fregi
723 1683 888 1748 hominem
912 1687 944 1749 et
965 1685 1013 1750 in·
1130 1687 1132 1692 ’

72 1770 272 1836 constantiam
294 1771 363 1836 eius
385 1771 585 1855 reprehendi,
608 1773 663 1856 qui
676 1771 799 1837 Romae
813 1772 1013 1838 tribunatum

71 1854 106 1936 pl,
125 1860 258 1943 peteret,
291 1881 391 1944 quum
421 1861 457 1924 in
484 1858 593 1924 Sicilia
620 1860 816 1926 aedilitatem
839 1881 873 1925 se
904 1865 1013 1944 petere

72 1940 250 2031 dictitasset,
278 1969 383 2031 neque
406 1969 526 2034 magno
549 1969 644 2032 opere
668 1949 733 2013 dixi
760 1971 829 2013 esse
851 1948 946 2014 nobis
968 1949 1013 2014 la·

73 2029 248 2119 horandum,
287 2036 372 2120 quod
404 2036 507 2100 nihilo
539 2037 643 2122 magis
675 2037 705 2102 ei
736 2036 897 2102 liciturum
929 2041 1014 2102 esset

72 2119 180 2200 plebeio
202 2123 459 2208 rempublicam
481 2125 623 2210 perdere,
645 2147 742 2209 quam
765 2125 922 2190 similibus
945 2127 1013 2190 eius

74 2227 115 2272 me
136 2213 265 2277 consule
292 2213 435 2296 patriciis
459 2215 543 2278 esset
568 2213 705 2296 licitum3
740 2213 819 2296 iam,
851 2234 951 2296 quum
979 2235 1013 2278 se

73 2292 116 2358 ille
137 2301 272 2383 septimo
296 2299 347 2364 die
370 2301 494 2365 venisse
518 2322 538 2365 a
559 2300 644 2366 freto
673 2321 777 2384 neque
801 2299 861 2364 sibi
885 2300 1013 2368 obviam

74 2403 251 2472 quemquem
283 2387 410 2473 prodire
442 2389 586 2473 potuisse
616 2393 652 2472 et
679 2392 778 2453 noctu
802 2410 835 2453 se
862 2389 1013 2454 introisse

74 2470 188 2540 dixisset
209 2477 246 2541 in
270 2498 371 2561 eoque
394 2498 427 2542 se
450 2478 485 2543 in
512 2477 665 2544 concione
688 2477 852 2562 iactasset,
878 2477 961 2542 nihil
984 2477 1014 2546 ei

75 2563 138 2626 novi
158 2563 222 2629 dixi
246 2565 411 2630 eccidisse:
441 2587 480 2631 ex
503 2564 611 2631 Sicilia
633 2566 769 2649 septimo
793 2566 844 2631 die
866 2565 1014 2652 Romam,

75 2651 217 2718 attribue
239 2653 329 2720 horis
352 2653 456 2719 Rome
478 2653 712 2738 Interamnam
740 2657 840 2719 noctu
863 2655 1013 2720 introisse

74 2735 140 2802 item
161 2746 250 2826 ante3
277 2763 345 2807 non
372 2763 441 2807 esse
464 2743 546 2807 itum
568 2742 696 2808 obviam
719 2763 760 2807 ne
782 2746 853 2807 tum
875 2744 1014 2829 quidem,

76 2845 160 2906 quum
180 2831 221 2895 iri
243 2830 381 2895 maxime
400 2830 553 2897 debuerit.
581 2829 663 2907 Quid
678 2830 826 2915 quaeris?
849 2831 1013 2898 hominem

76 2917 259 2994 petulantem
291 2919 471 2984 modestum
502 2918 601 2984 reddo
623 2940 692 2984 non
721 2921 826 2984 solum
857 2924 1013 3004 perpetua

78 3006 217 3084 gravitate
241 3007 406 3092 orationis,
428 3006 483 3072 sed
506 3008 603 3073 etiam
624 3008 688 3073 hoc
710 3027 827 3093 genere
846 3008 1013 3073 dictorum.

76 3086 173 3176 Itaque
195 3096 261 3162 iam
282 3093 484 3162 familiariter
507 3096 673 3181 cumipse
695 3096 828 3162 cavillor
850 3117 888 3160 ac
910 3096 1013 3176 iocor,

135 3214 182 3286 Ep.
194 3224 217 3285 1,
228 3223 253 3273 6.
272 3217 373 3274 Sicilia
385 3217 515 3273 Himerae
533 3216 591 3272 aed.
611 3215 753 3286 (Graec.)?
772 3215 801 3272 S.
819 3215 1013 3272 deredilitatem

78 3279 116 3336 Zb.
140 3285 355 3345 &hereditatem
372 3287 431 3343 Ml}
455 3287 484 3343 S.
504 3287 668 3342 aedilitatem
685 3285 745 3354 Me,
764 3286 824 3354 RI,
844 3301 898 3352 aa,
917 3285 948 3340 Β.
976 3286 1013 3352 (se

78 3357 149 3420 prtem
161 3357 272 3415 Corrad.
290 3375 351 3428 sepe
363 3359 410 3428 M,
427 3374 506 3429 saepe
519 3358 576 3424 Zb,
590 3357 650 3425 RI,
665 3373 710 3412 ac.
729 3357 879 3413 dictitasset
892 3356 951 3424 Me,
970 3354 1012 3424 R,

81 3437 116 3479 sc.
131 3427 250 3486 dictasset
267 3431 289 3485 l.
307 3430 480 3486 hereditasset
498 3429 555 3498 Zb,
573 3429 643 3499 Mt).
663 3458 697 3470 -
724 3427 867 3484 accidisse:
892 3443 926 3482 ea
943 3424 972 3482 S.
991 3441 1011 3481 s.

80 3493 100 3545 d·
116 3495 155 3565 R,
172 3505 200 3556 ae
216 3505 250 3557 rr.
269 3499 348 3570 (cu).
376 3500 412 3556 re.
431 3519 450 3556 a
467 3501 555 3556 trecas
573 3499 619 3566 n,
638 3499 689 3554 bh.
708 3497 743 3552 a.
772 3513 805 3553 ac
822 3501 856 3554 tr.
874 3496 907 3555 a.
926 3515 962 3564 a,
979 3512 1013 3580 ee

82 3561 104 3688 g·
119 3571 177 3694 c.Bd.
194 3571 244 3640 a.;
270 3576 305 3630 tr.
325 3573 355 3641 1.‚
374 3571 468 3642 vulgo.
498 3601 530 3614 —
562 3569 689 3626 introisse
706 3569 769 3626 item
787 3567 918 3639 (Graes).
945 3569 1011 3622 tn.

100 3653 125 3705 a,
162 3682 168 3696 ,
492 3677 494 3681 ⁴
