2574 3966
245 209 313 273 420
532 207 570 261 Μ.
589 205 712 262 TULLII
730 205 919 262 CICERONIS

242 357 277 418 et
299 353 391 438 gravi
412 351 551 417 refertur
577 350 618 416 ad
644 349 759 426 relos?
806 349 869 419 sec
895 352 996 438 longa
1024 353 1122 418 oratio
1145 357 1189 418 est

243 445 277 507 et
299 445 336 506 tu
359 443 534 524 occupatus
556 459 600 521 es,
629 439 664 503 in
687 460 759 504 meo
782 439 912 524 quidem
933 440 1072 506 fortasse
1093 442 1187 526 aliquo

242 529 385 616 negotio.
425 528 471 594 Et
491 549 551 613 pro
574 528 638 594 isto
662 549 735 592 asso
758 529 839 612 sole,
870 550 934 613 quo
962 532 1000 594 tu
1027 529 1139 595 abusus
1157 553 1187 595 cs

242 619 278 684 in
299 621 413 683 nostro
436 616 580 702 pratulo,
611 637 631 680 a
652 619 686 680 te
712 615 851 682 nltidum
880 618 980 682 solem
1008 621 1187 703 unctumque

242 710 432 860 repbssktemtsss.
461 704 523 859 822
538 704 699 806 edoprima
710 705 826 859 totto:
849 705 976 806 librom,
998 707 1028 771 si
1041 729 1091 860 rrae
1104 729 1187 860 rcrrrgcssg

242 818 287 860 mr
340 819 349 878 3
408 815 487 860 use
542 814 629 858 emm
650 815 710 878 pro
726 814 761 858 eo
796 844 806 878 ‚
829 814 982 879 quomam
1002 817 1059 880 qur
1081 817 1129 860 em

242 884 360 950 missus
383 883 425 948 ed
447 886 489 949 te.

216 1023 235 1066 ⁸·
323 1006 485 1092 Chremes,
507 1007 677 1071 tantumne
701 1006 742 1071 ab
764 1027 800 1071 re
822 1009 880 1071 tua
902 1009 953 1073 est
975 1007 1034 1072 otii
1056 1007 1122 1090 tibi,

242 1134 280 1197 ut
302 1131 400 1196 etiam
422 1129 591 1196 Oratorem
613 1129 726 1215 legas?
748 1134 853 1194 macte
876 1130 1009 1196 virtute!
1034 1131 1113 1195 mihi
1133 1131 1188 1215 qui-

243 1219 315 1285 dem
342 1222 472 1305 gratum
498 1223 543 1284 est
568 1221 602 1283 et
628 1218 690 1283 erit
716 1219 855 1304 gratius,
886 1219 914 1284 si
940 1240 1009 1284 non
1041 1219 1134 1285 modo
1160 1220 1188 1284 in

243 1308 334 1374 libris
356 1308 435 1391 tuis,
463 1307 518 1373 sed
542 1306 640 1372 etiam
661 1307 697 1372 in
720 1307 857 1372 aliorum
878 1329 937 1392 per
958 1307 1108 1373 librarios
1128 1312 1189 1373 tuos

217 1415 230 1456 ι
242 1394 533 1481 „Aristophaneffl
567 1395 749 1481 reposueris
780 1418 840 1480 pro
872 1393 1037 1482 „Eupolif‘
1087 1394 1189 1462 Caesar

243 1488 351 1550 autam
373 1483 454 1550 mihi
475 1484 607 1549 irridere
629 1484 717 1549 visus
740 1487 791 1550 cst
811 1483 978 1568 „quaeeo“
999 1485 1081 1550 illud
1102 1489 1188 1558 tuum
1278 1539 1279 1574 2

243 1572 329 1658 quod
357 1576 427 1638 eret
454 1565 585 1648 εὐπινὶς
611 1574 645 1637 et
669 1572 844 1656 urbanum3
874 1573 923 1638 ita
948 1595 1046 1656 porro
1073 1577 1106 1637 te
1132 1573 1187 1638 sine
1278 1609 1279 1642 l

243 1683 320 1726 cura
334 1682 403 1726 esse
416 1661 525 1746 iussit,
538 1665 577 1726 ut
589 1661 670 1725 mihi
684 1661 812 1745 quidem
826 1661 1061 1728 dubitationem
1076 1683 1187 1727 omnem

242 1750 379 1814 tolleret.
417 1747 561 1816 Atticam
583 1749 676 1815 doleo
700 1755 765 1814 tam
787 1750 852 1834 diu,
874 1750 939 1832 sed,
961 1751 1115 1834 quoniam
1135 1751 1186 1815 iem

244 1838 313 1903 sine
336 1837 470 1904 horrore
493 1841 551 1922 est,
574 1859 669 1924 spero
692 1859 770 1924 esee,
791 1841 830 1903 ut
851 1839 1008 1904 volumus.

686 2031 760 2098 VII.

402 2151 459 2210 Sor.
478 2155 599 2210 Actum
616 2169 713 2208 menso
731 2152 834 2208 Martio
853 2168 878 2208 a.
896 2171 923 2208 u.
942 2169 966 2208 c.
987 2159 1048 2209 709.

513 2257 662 2316 CICERO
679 2257 831 2314 ATTICO
848 2257 932 2313 SAL.

217 2387 229 2429 ι
310 2367 399 2445 Quae
426 2368 602 2452 desideras,
634 2368 744 2433 omnia
771 2367 884 2451 scripsi
914 2367 951 2432 in
978 2367 1131 2432 codicillis
1154 2402 1185 2412 —
1277 2369 1278 2446 l

244 2478 361 2541 eosque
388 2453 483 2522 Eroti
514 2455 588 2522 dedi
617 2493 669 2540 -‚
700 2456 853 2540 brerIter,
885 2455 941 2520 sed
972 2455 1071 2520 etiem
1100 2456 1187 2540 plura,
1277 2461 1278 2480 ¹

244 2567 341 2630 quam
372 2545 514 2629 quoeris,
544 2545 581 2608 in
610 2543 651 2608 iis
683 2544 722 2608 de
755 2542 922 2627 Cicerone,
953 2543 1044 2609 cuius
1075 2543 1187 2629 quidem

244 2632 452 2721 cogitationIe
473 2632 603 2698 initium
624 2635 662 2698 tu
684 2632 765 2697 mihi
784 2631 930 2698 attulisti.
967 2631 1109 2698 Locutus
1131 2652 1188 2696 sum

245 2743 318 2788 cum
341 2742 380 2788 eo
402 2721 642 2806 liberalissime,
663 2721 750 2805 quod
773 2742 812 2786 ex
834 2721 905 2805 ipso
929 2720 1035 2805 velim,
1058 2719 1188 2786 simodo

243 2810 305 2875 tibi
332 2809 393 2876 erit
420 2809 637 2892 commodum,
669 2809 846 2894 sciscitere3
878 2807 934 2873 sed
962 2808 1039 2892 quid
1071 2805 1189 2874 differo?

244 2898 378 2984 exposui
400 2901 433 2963 te
457 2898 497 2962 ed
520 2918 572 2963 me
595 2896 763 2982 detulisse,
794 2900 828 2962 et
850 2895 927 2982 quid
954 2898 1052 2962 vellet
1074 2894 1190 2980 etquid

243 2988 435 3073 requireret:
471 2985 571 3098 „velle
602 2984 808 3070 Hispaniam,
840 2985 1001 3069 requirere
1032 2985 1192 3050 liberalita-

314 3125 366 3197 Ep.
387 3131 412 3193 6,
431 3131 456 3180 2.
488 3125 621 3192 reserator
648 3123 695 3194 (W
697 3125 732 3193 .)?
763 3123 894 3191 referitro
919 3123 979 3178 Ma
1003 3165 1010 3179 .
1041 3139 1077 3191 ce,
1100 3125 1133 3179 ic
1147 3137 1194 3178 mcc

244 3197 352 3268 quciicm
369 3196 391 3263 s.
410 3197 471 3265 (vc,
490 3196 558 3262 za).
578 3193 639 3251 Om.
657 3209 685 3250 rs
702 3195 732 3248 et
749 3195 856 3263 quictem
873 3193 958 3249 MRI.
1002 3211 1040 3250 na
1053 3195 1159 3265 quiden
1171 3193 1195 3248 Β.

246 3271 413 3406 accc
430 3266 474 3376 e
491 3266 607 3392 ccc
621 3264 905 3419 ccciccc
918 3265 1199 3392 {ciacc
1276 3415 1277 3418 Ὗ

246 3406 298 3476 Ep.
319 3414 343 3476 7,
364 3414 388 3461 1.
419 3407 477 3463 cod.
495 3437 532 3448 —
548 3423 644 3476 eosque
661 3406 698 3461 E.
717 3407 780 3462 dode
798 3435 842 3474 -,
860 3407 901 3462 br.
926 3405 1001 3476 (W.).
1033 3423 1056 3462 c.
1075 3423 1096 3463 e.
1115 3407 1152 3464 Ε.
1169 3408 1201 3472 (I,
1276 3429 1277 3453 i

246 3477 287 3531 br.
306 3477 401 3546 vulgo.
420 3507 455 3517 —
472 3481 498 3533 tc
515 3479 553 3533 od
570 3494 611 3532 nac
629 3477 658 3545 (I
676 3495 734 3548 mg.
754 3479 840 3546 1584).
865 3482 891 3533 tc
909 3493 942 3533 ca
959 3494 1000 3532 mc
1017 3478 1113 3549 vulgo.
1132 3509 1164 3519 -
1181 3482 1202 3534 ct

247 3547 316 3614 quid
332 3563 357 3601 o.
376 3552 402 3601 ct
419 3545 487 3616 qaid
504 3564 558 3617 req.
582 3547 704 3618 (CMR.).
736 3548 832 3618 ecquid
848 3565 883 3616 α,
905 3548 1001 3619 ecquid
1017 3566 1041 3604 r.
1059 3549 1091 3620 1..
1114 3549 1201 3620 vulgo.
