2484 3974
206 263 466 321 EPISTOLARUM
483 267 533 321 Al)
551 266 716 323 ATTICUM
733 267 780 323 IX.
802 274 825 323 t.
928 267 995 332 313

49 409 246 493 putabamus3
268 409 308 476 de
330 411 393 476 isto
415 410 492 477 lieet
513 411 595 477 bene
609 433 734 497 speres:
757 411 997 498 promittotibi,

49 496 71 559 si
84 496 207 582 valebit,
228 499 374 584 tegulam
386 500 478 565 illum
491 499 527 565 in
539 500 635 565 Italia
654 501 778 565 nullam
799 502 995 568 relicturum.

48 583 143 668 „Tene
164 586 266 671 igitur
289 586 417 653 sooio‘?“
446 585 568 653 Contra
581 588 762 654 mehercule
783 611 892 654 meum
914 589 995 656 iudi·
1012 629 1017 642 ·

48 673 123 738 cium
153 677 187 739 et
218 679 333 740 contra
364 676 509 742 omnium
536 677 743 762 antiquorum
769 678 995 743 auctoritatem

48 782 99 824 uec
118 764 187 827 tam
209 767 248 828 ut
268 763 326 829 illa
348 764 505 847 adiuvem,
527 786 624 850 quam
637 769 676 830 ut
694 765 774 831 haec
796 787 838 830 ne
860 765 998 851 videam,

49 850 133 934 cupio
146 850 321 936 discedere3
344 853 412 918 noli
428 854 515 918 enim
537 857 651 938 putare
672 854 857 920 tolerabiles
878 855 997 920 horum

48 938 182 1004 insanias
210 960 271 1005 nec
293 940 389 1005 unius
412 940 500 1006 modi
521 941 605 1024 fore,
636 943 698 1007 etsi
724 941 802 1028 quid
824 945 857 1007 te
879 941 997 1008 horum

49 1025 138 1112 fugit,
166 1028 308 1114 legibus,
338 1029 511 1114 iudicibus,
544 1030 685 1115 iudiciis,
720 1033 835 1096 senatu
868 1030 998 1095 sublato

49 1114 200 1200 libidines,
223 1117 387 1203 audacias,
409 1121 572 1204 sumptus,
603 1121 762 1205 egestates
784 1122 836 1185 tot
858 1119 998 1205 egentis·

51 1203 195 1270 simorum
216 1204 387 1271 hominum
408 1227 468 1272 nec
491 1207 633 1292 privatas
655 1229 750 1292 posse
773 1229 824 1273 res
846 1227 906 1273 nec
928 1228 998 1272 rem

50 1292 201 1376 publicam
224 1294 406 1361 sustinere?
448 1294 613 1361 Abeamus
634 1296 735 1382 igitur
756 1295 832 1361 inde
854 1295 998 1381 qualibet

50 1381 642 1538 instituerimus
654 1384 723 1537 ll
744 1383 997 1539 liutius

51 1558 119 1640 quid
150 1521 315 1625 Brundisii
335 1494 454 1627 9actum
485 1561 537 1627 sit.
586 1523 701 1627 Bonis,
723 1495 800 1627 iiris
832 1496 918 1646 quiid
950 1522 1028 1626 ais'c

52 1647 184 1733 probari,
213 1669 294 1734 quae
318 1648 422 1714 adhuc
444 1649 628 1734 fecerimus,
659 1650 794 1736 scirique
818 1649 858 1714 ab
881 1650 921 1714 iis
942 1670 999 1716 nos

52 1755 111 1798 uon
130 1737 300 1821 proiectos,
322 1737 415 1802 valde
438 1738 573 1823 gaudeo,
595 1738 623 1803 si
637 1743 687 1804 est
704 1760 791 1804 nunc
813 1739 898 1804 ullus
921 1759 998 1824 gau·

14 1819 18 1828 ’
53 1821 138 1888 dendi
158 1827 257 1891 locus.
284 1825 333 1890 De
357 1825 495 1891 Lentulo
516 1826 720 1913 investigabo
743 1827 943 1913 diligentius:
966 1826 999 1891 id

53 1912 192 1978 mandavi
205 1913 391 2001 Philotimo,
412 1913 537 1979 homini
549 1914 628 1980 forti
642 1936 679 1980 ac
692 1914 828 1979 nimium
842 1915 999 2000 optimati.

52 1997 229 2067 usnemun
251 2005 314 2085 est,
339 2006 377 2068 ut
402 2002 463 2068 tibi
485 2007 711 2088 argumentum
733 2003 774 2068 ad
796 2002 1029 2068 scribendum

53 2086 179 2154 sortasse
201 2090 267 2155 iam
290 2091 429 2157 desit-
443 2112 503 2156 neo
517 2091 604 2156 enim
617 2091 682 2156 alia
705 2090 744 2154 de
767 2111 801 2155 re
823 2111 911 2155 nuno
933 2090 1000 2154 ulla

54 2176 141 2241 scribi
164 2181 274 2263 potest
300 2181 333 2244 et
360 2180 399 2245 de
426 2179 488 2244 hac
511 2179 587 2264 quid
614 2179 680 2244 iam
703 2178 840 2262 amplius
862 2178 1001 2242 inveniri

53 2266 171 2346 potest?
202 2303 261 2351 -,
286 2268 360 2354 ped,
391 2269 544 2352 quoniam
571 2269 605 2332 et
625 2267 794 2353 ingenium
816 2265 1001 2350 suppeditat
1111 2351 1114 2356 Ι

54 2353 179 2420 -dico
202 2356 397 2440 mehercule,
427 2360 465 2421 ut
492 2356 596 2421 sentio
620 2391 663 2402 -
686 2357 720 2421 et
741 2375 845 2437 amor,
877 2375 940 2439 quo
969 2358 1003 2418 et

38 2459 152 2533 ,meum
173 2444 342 2529 ingenium
363 2443 525 2529 incitetur,
547 2464 655 2530 perge,
676 2447 714 2509 ut
731 2442 821 2526 facis,
844 2445 877 2507 et
891 2443 1004 2527 scribe,

56 2534 201 2610 quantum
228 2535 330 2616 potes.
374 2531 415 2598 In
437 2531 573 2616 Epirum
597 2532 682 2616 quod
709 2550 761 2597 me
783 2552 851 2597 non
873 2531 1006 2617 inuitas,

56 2618 194 2684 comitem
214 2641 284 2685 non
306 2621 487 2705 molestum,
510 2621 700 2704 subirascor,
723 2620 779 2686 sed
801 2621 886 2686 vale:
916 2641 1005 2704 nam,

55 2708 87 2767 ut
106 2707 162 2772 tibi
184 2709 425 2793 ambulandum,
447 2710 644 2794 ungendum,
673 2709 719 2774 sic
740 2707 822 2774 mihi
844 2708 1002 2775 dormien-

56 2790 135 2879 dum3
157 2797 276 2862 etenim
299 2798 426 2863 litterae
442 2800 518 2862 tuae
540 2797 620 2862 mihi
643 2819 792 2864 somnum
815 2798 1005 2863 attulerunt.

502 2991 542 3057 Α.

168 3111 310 3167 BALBUS
329 3111 377 3167 ET
396 3110 525 3168 OPPIUS
544 3111 571 3168 S.
589 3112 623 3167 D.
640 3112 678 3168 M.
698 3108 880 3167 CICERONI.

113 3215 239 3288 Nedum
261 3221 431 3286 hominum
452 3220 636 3305 humilium,
658 3223 696 3285 ut
717 3241 778 3284 nos
801 3239 925 3306 sumus,
948 3218 1029 3283 sed-1

56 3304 143 3372 etiam
169 3309 443 3394 amplissimorum
473 3309 617 3376 virorum
648 3307 783 3374 consilia
810 3329 849 3372 ex
878 3310 1004 3391 eventu,

69 3451 73 3456 ’
117 3464 168 3534 Ep.
189 3471 214 3534 7,
234 3471 258 3522 5.
286 3471 453 3535 putaremus
479 3465 565 3537 (Wlt
597 3496 632 3506 -
663 3465 734 3520 euim
752 3464 809 3519 ium
826 3464 866 3532 ia,
884 3479 908 3534 q.
928 3463 1003 3530 (W.).

55 3546 81 3598 c,
104 3536 133 3590 id
150 3538 222 3606 quod
241 3537 335 3606 vulgo.
380 3537 431 3606 Ep.
452 3537 493 3604 A„
514 3543 537 3591 1.
570 3535 636 3591 Etsi
653 3535 753 3590 nedum
774 3534 878 3606 (Schlt
910 3533 1006 3589 Cicero

55 3619 132 3661 melun
149 3623 236 3662 mcum
254 3607 313 3664 Ml.
334 3607 460 3664 Ciceroni
476 3607 576 3663 nedum
593 3607 652 3676 Mc,
670 3606 720 3661 ΕΙ.
