2574 3966
264 211 330 277 402
547 210 585 265 Μ.
604 209 727 266 TULLII
745 207 939 264 CICERONIS

698 423 788 489 XVI.

338 545 396 602 Sor.
415 545 557 601 Brundisii
575 561 599 599 n.
620 546 647 599 d.
665 545 712 600 III.
731 544 828 600 Nonas
846 543 940 599 Iunios
959 560 984 600 eu
1003 561 1031 600 u.
1048 561 1070 600 e.
1089 551 1143 601 707.

553 649 683 706 CICERO
701 649 835 705 ATTICO
854 646 930 704 SAL.

236 775 250 819 ι
329 759 406 826 Non
428 781 500 826 meo
523 759 602 824 vitio
625 760 672 842 fit,
693 760 756 826 hoo
779 758 907 844 quidem
930 762 1075 845 tempore
1088 796 1130 806 —
1142 763 1206 824 ende

264 851 351 914 enim
383 854 433 914 est
463 851 631 933 peccatum
654 885 708 932 -,
738 851 776 913 ui
804 869 855 913 me
882 847 946 912 isto
977 848 1114 932 epistola
1137 849 1205 912 nihii

265 939 462 1020 consoletum
484 958 561 1001 nom
579 936 740 1022 etexigue
754 936 874 1019 scripta
896 939 946 1000 esd
969 939 1002 1000 et
1025 937 1207 1021 suspiciones

264 1047 400 1112 magnas
422 1025 523 1090 hebet
544 1046 612 1089 non
634 1046 704 1090 esse
723 1025 843 1107 abillo,
866 1045 945 1108 quos
960 1024 1207 1090 animadvertisse

263 1117 297 1179 ie
320 1115 476 1179 existimo.
503 1111 552 1176 De
570 1113 700 1178 obviem
717 1113 818 1178 itione
831 1112 1019 1197 infaciem,
1040 1116 1079 1178 ui
1101 1114 1207 1178 suades.

263 1202 378 1286 Neque
401 1203 488 1266 enim
509 1202 578 1266 ulle
598 1201 638 1266 de
661 1200 803 1266 adventu
817 1201 885 1265 eius
906 1201 1017 1285 opinio
1041 1205 1091 1266 esi
1111 1224 1208 1286 neque,

265 1293 293 1356 si
325 1291 380 1376 qui
412 1312 450 1354 ex
481 1289 562 1354 Asia
592 1289 740 1373 veniunt,
772 1289 946 1374 quidquam
978 1290 1124 1354 auditum
1152 1312 1207 1355 esse

265 1380 378 1444 dieunt
400 1379 439 1442 de
461 1399 549 1462 paee,
572 1379 662 1442 euius
686 1399 747 1463 ego
770 1400 828 1462 epe
849 1378 885 1441 in
906 1377 991 1442 hano
1007 1379 1151 1443 fraudem
1170 1379 1207 1442 in-

266 1467 341 1532 eidi:
364 1467 447 1532 nihil
461 1467 563 1550 video,
577 1466 663 1549 quod
677 1467 872 1550 sperandum
885 1469 1005 1550 putem,
1027 1488 1115 1532 nuno
1133 1489 1206 1551 pree

266 1557 386 1640 sertim,
408 1578 507 1638 quum
529 1577 569 1620 ee.
588 1556 688 1639 plaga
709 1555 745 1618 in
763 1554 843 1619 Asia
866 1555 909 1618 sii
930 1558 1072 1639 aooeptn,
1093 1556 1127 1618 in
1147 1555 1206 1640 1115-

265 1645 346 1728 rioo,
377 1644 413 1707 in
436 1641 591 1708 Cassiano
614 1643 760 1728 negotio,
790 1643 919 1726 inipso
941 1641 1155 1728 Alexandrea,
1179 1644 1206 1706 in

265 1731 354 1814 urbe,
375 1732 411 1797 in
433 1731 542 1812 Italia3
565 1751 625 1817 ego
648 1752 734 1814 vero,
757 1731 884 1795 etiamsi
905 1731 1067 1796 redimi-us
1089 1733 1141 1796 ille
1160 1735 1205 1814 est,

266 1821 322 1905 qui
336 1820 441 1884 adhue
462 1819 583 1884 bellum
597 1840 708 1904 gerere
722 1819 848 1903 dieitur,
870 1822 979 1883 temen
995 1823 1072 1884 ante
1085 1819 1204 1884 reditum

240 1910 335 1974 seius
367 1909 534 1994 negotium
565 1907 749 1973 confectum
779 1907 820 1972 iri
850 1911 940 1991 puto.
991 1906 1085 1983 Quod
1115 1912 1203 1974 auten
1253 1973 1254 1986 ἶ

267 1997 379 2062 scribis
394 1997 556 2080 quandam
577 1997 735 2060 laediiiam
757 1996 917 2061 bonorum
931 2017 1001 2060 esse
1020 2001 1203 2077 commodem,

265 2091 303 2152 ut
326 2087 368 2150 sii
390 2086 535 2150 auditum
558 2084 597 2148 de
619 2084 745 2167 litteris,
767 2088 805 2148 tu
827 2084 956 2167 quidem
978 2085 1062 2149 nihil
1084 2089 1202 2170 prseter-

265 2175 377 2257 mittis,
399 2175 435 2238 in
457 2195 521 2257 quo
544 2176 638 2257 putes
652 2172 774 2256 aliquid
790 2173 897 2238 soledii
910 2194 989 2254 esse,
1011 2173 1069 2238 sed
1083 2195 1140 2259 ego
1151 2195 1202 2238 non

266 2263 408 2327 adducor
439 2281 632 2345 quemquam
663 2261 785 2326 bonum
814 2262 915 2326 ullam
946 2262 1085 2327 salutem
1109 2266 1200 2347 putere

266 2351 346 2415 mihi
372 2351 457 2414 tenti
483 2350 596 2433 fuisse,
627 2353 665 2414 ut
691 2371 763 2414 eam
789 2353 931 2433 peterem
958 2349 999 2413 ab
1028 2350 1098 2434 illo,
1129 2354 1156 2414 ei
1173 2370 1200 2412 eo

265 2440 386 2522 minus,
413 2438 499 2521 quod
524 2437 621 2502 huius
649 2438 776 2504 consilii
797 2438 863 2501 iam
884 2459 926 2502 ne
949 2438 1073 2502 sooium
1096 2439 1199 2522 quiden

264 2528 370 2593 habeo
393 2547 594 2610 quemquem.
622 2524 684 2601 Qui
706 2526 742 2591 in
763 2525 843 2590 Asia
866 2530 951 2609 suni,
973 2547 1082 2590 rerum
1103 2527 1198 2590 exitum

266 2618 462 2698 exspectant.
492 2613 628 2679 Achaioi
648 2615 745 2678 etium
763 2613 856 2679 Fufio
877 2635 967 2698 spem
990 2613 1198 2697 deprecationis

266 2702 460 2782 'sufferuniz
491 2701 609 2766 horum
631 2705 665 2766 et
690 2703 789 2767 timor
814 2702 900 2766 idem
926 2702 990 2766 fuit
1018 2703 1133 2787 primo,
1159 2701 1199 2784 qui

266 2813 369 2873 moue,
405 2794 439 2854 ei
470 2791 695 2873 constitutum
725 2811 816 2854 mora
847 2788 1067 2854 Alexandrina
1094 2811 1198 2855 ouusen

240 2881 396 2945 aillorum
425 2879 576 2962 correxit,
601 2899 707 2942 meam
734 2877 857 2942 evertit.
902 2877 1116 2954 Quamobrem
1135 2879 1198 2944 iden
1251 2953 1252 2956 Ἴ

267 2973 341 3033 ste
363 2989 451 3032 nuno
474 2970 564 3051 peto,
595 2966 682 3050 quod
709 2966 926 3048 superioribus
953 2967 1084 3052 litteris,
1113 2965 1197 3050 ui,si
1251 2975 1252 3008 ³

267 3057 343 3140 quid
365 3055 401 3118 in
423 3055 556 3138 perditis
574 3055 670 3118 rebus
689 3052 869 3138 dispiceres
892 3055 978 3137 quod
991 3056 1072 3120 nihi
1093 3059 1197 3140 putares

266 3143 458 3226 faciendum,
480 3163 531 3207 me
554 3163 715 3206 moneres:
739 3143 766 3206 si
783 3142 920 3226 recipior
933 3143 975 3207 eb
997 3143 1049 3207 his
1073 3181 1113 3190 -
1134 3140 1196 3228 quod

266 3233 355 3298 vides
377 3252 445 3296 non
466 3231 536 3294 fieri
558 3267 611 3332 ᾗ,
633 3233 758 3314 tanen,
781 3231 887 3314 quood
908 3231 1030 3295 bellum
1052 3233 1124 3317 erit,
1142 3228 1195 3316 quid

337 3404 389 3473 Ep.
410 3411 451 3470 16,
470 3410 495 3458 1.
531 3405 638 3458 obviem
655 3405 686 3458 it.
706 3403 803 3476 (vulgo
822 3406 887 3458 anie
906 3403 972 3473 On).
991 3407 1098 3462 obviam
1113 3407 1139 3461 ὕ.
1157 3403 1195 3487 (ie,

268 3473 690 3612 eeuaeoeeue
700 3476 928 3618 eume
945 3477 1003 3546 e>
1089 3478 1122 3533 e
1137 3482 1196 3532 o
