2582 3980
246 241 312 307 652
533 241 571 296 ll.
590 239 713 299 TULLII
731 240 922 296 CICERONIS

246 407 288 452 ns
310 383 405 452 laude
429 383 557 469 quidem
581 384 660 452 satis
682 383 799 452 idonee
825 383 912 453 affici
938 385 1050 468 possis
1100 382 1206 450 Exsti-

246 474 317 539 tisti
338 494 442 557 nuper
463 474 534 538 vult
519 476 694 556 tusever03
716 472 899 557 exereitum,
921 473 1040 557 copias,
1062 473 1207 573 legiones

245 561 379 627 idoneas
406 582 464 645 per
490 563 523 624 te
550 560 640 625 brevi
665 564 810 644 tempore
842 561 1049 645 eomparasti:
1086 560 1159 624 di
1148 583 1205 624 nn-

247 649 411 714 mortales!
467 649 522 733 qui
557 649 612 712 ills
647 649 799 728 nuntius,
843 670 924 733 quae
960 649 1035 712 illae
1070 648 1207 732 litterae,

248 759 330 822 quae
356 737 480 802 laetitia
502 739 647 820 senatus,
679 757 761 822 quae
788 698 937 801 ilaeritae
960 737 1101 801 civitatis
1123 699 1207 800 erati

247 826 330 890 nihil
354 847 506 908 umquam
535 824 601 889 vidi
627 828 696 888 tam
723 825 866 890 omnium
896 825 1108 891 consensione
1137 824 1206 888 lan·

207 909 211 920 ’
248 913 367 979 datum.
398 912 481 978 Erat
503 913 698 997 exspectatio
720 913 928 997 reliquiarum
941 911 1089 996 Antonii,
1111 933 1207 995 quem

248 1002 393 1086 equitatu
424 1001 669 1086 legionibusque
700 1022 821 1087 magna
847 1023 886 1070 ex
912 1005 1004 1084 parte
1036 1000 1206 1084 spoliaras:

248 1111 287 1156 ea
322 1111 449 1175 quoque
484 1088 600 1157 habuit
634 1089 756 1158 exitum
791 1089 981 1173 optabilem
1018 1110 1096 1156 nam
1130 1092 1206 1152 tuse

246 1178 386 1262 litterae,
413 1198 495 1261 quae
522 1177 734 1246 rasitataein
761 1181 876 1247 senatu
898 1181 987 1260 sunt,
1015 1177 1080 1242 et
1070 1197 1206 1260 nupera

246 1267 328 1332 toris
360 1271 394 1332 et
423 1265 562 1335 militum
596 1265 750 1333 virtutem
781 1269 814 1332 et
844 1265 1037 1334 industriam
1066 1268 1206 1365 tuorurn,

247 1377 423 1526 plsouisset
452 1441 492 1510 de
522 1441 574 1511 his
605 1441 722 1508 litteris
752 1441 865 1508 referri
896 1445 930 1506 et
965 1442 1027 1509 nisi
1060 1441 1096 1506 in
1127 1445 1205 1506 tem

247 1553 309 1614 pus
334 1529 648 1600 turbulentissimum
669 1532 744 1612 post
771 1529 946 1606 dissessum
973 1529 1099 1598 Pansae
1132 1551 1205 1594 oon-

249 1619 327 1684 sulis
357 1619 560 1702 incidissent,
590 1617 696 1686 honos
723 1639 851 1701 qusque
879 1619 983 1684 iustus
1016 1621 1049 1682 et
1080 1617 1207 1684 debitus

221 1704 298 1770 adis
329 1706 566 1776 immortalibus
597 1705 744 1773 decretus
777 1709 869 1771 esset
913 1704 999 1772 Eece
1032 1706 1094 1772 tibi
1125 1704 1207 1770 Idib.

248 1791 350 1876 April.
373 1794 505 1862 advolat
526 1814 621 1863 mans
648 1794 731 1860 oeler
752 1792 855 1882 Pilus,
886 1795 942 1877 qui
969 1794 1031 1877 vir,
1063 1794 1097 1860 di
1120 1794 1207 1877 boni,

249 1903 346 1965 quam
367 1883 485 1968 gravis,
507 1903 605 1966 quam
627 1885 790 1966 consuas,
812 1903 909 1966 quam
931 1882 1092 1950 bonarum
1114 1882 1151 1948 in
1172 1903 1205 1946 re

247 1970 377 2055 publius
408 1971 560 2054 partium!
597 1969 650 2038 hie
679 1971 833 2054 epistolas
859 1969 954 2036 affert
981 1970 1076 2054 duas,
1108 1991 1206 2036 unam

247 2060 471 2142 nonomine,
499 2059 632 2130 alteram
655 2057 806 2141 Antonii3
837 2057 894 2126 dat
917 2056 1052 2124 Servilio
1074 2059 1206 2126 tribuno

247 2147 362 2230 plebis,
382 2147 437 2220 ille
451 2145 609 2214 Cornuto:
631 2147 809 2212 renituntur
826 2147 863 2214 in
876 2151 1001 2212 senatu.
1032 2163 1206 2212 mouns

247 2251 403 2303 procoss
436 2255 556 2320 magua
578 2233 762 2319 admiratio,
792 2237 830 2300 ut
861 2235 890 2300 si
921 2238 1006 2300 esset
1035 2235 1207 2302 recitatum

248 2340 457 2391 Donamus
478 2339 687 2406 memnon,
708 2343 805 2406 aquo
829 2323 957 2406 quidem
980 2326 1140 2406 venerant
1160 2326 1207 2386 tu
1277 2389 1278 2406 χ

248 2411 382 2494 bellerii,
405 2411 460 2476 sed
482 2431 578 2476 nemo
600 2409 663 2478 Pili
686 2411 812 2494 similis,
834 2411 890 2494 qui
912 2411 1057 2495 proferre
1080 2411 1207 2476 litteras

248 2498 381 2568 auderet
402 2503 460 2566 aut
481 2498 723 2584 magistratibus
742 2499 882 2566 reddere.
909 2498 998 2564 Tuae
1019 2500 1208 2581 recitentur,

247 2587 361 2652 breves
392 2588 467 2654 illae
499 2587 641 2671 quidem,
672 2586 728 2654 sed
759 2587 794 2652 iu
821 2585 1003 2654 Antonium
1033 2587 1209 2654 admodum

240 2675 350 2754 lenes:
382 2675 588 2743 vehementer
615 2674 792 2742 admiratus
819 2679 964 2758 senatus3
994 2675 1076 2742 mihi
1099 2679 1209 2740 autem
1276 2745 1277 2748 ,

247 2783 316 2828 non
338 2766 408 2828 erat
429 2762 633 2846 explicatum,
654 2762 731 2846 quid
754 2783 900 2848 agerem:
921 2763 1022 2830 falsas
1046 2763 1209 2838 diuorum?

248 2850 334 2934 quid,
357 2851 384 2917 si
402 2855 439 2918 tu
453 2871 507 2918 sas
521 2849 756 2936 approbasses?
779 2851 1023 2918 confirmarem?
1046 2873 1116 2918 uon
1139 2854 1210 2916 erat

221 2939 417 3024 sdignitatis
444 2944 528 3008 tuae.
572 2939 686 3024 Itaque
708 2939 762 3004 ille
785 2939 853 3006 dies
876 2940 1020 3022 silentio3
1051 2939 1209 3023 postridie

248 3031 370 3112 autem,
402 3049 501 3112 quum
528 3049 632 3094 sermo
659 3027 887 3096 increbruisset
911 3027 1064 3111 Pilusque
1097 3029 1210 3095 oculos
1275 3061 1276 3064 ι

247 3078 470 3218 vehemdntius
498 3115 667 3182 huminum
699 3114 897 3201 offendisset,
927 3119 1042 3182 natum
1075 3117 1210 3182 omnino

247 3207 298 3268 est
319 3204 624 3288 principiumsme:
647 3203 686 3268 de
708 3166 900 3286 proconsule
922 3205 1069 3270 Antonio
1092 3206 1211 3287 mults3

249 3287 371 3356 Sestius
384 3312 499 3358 causae
512 3313 581 3360 non
594 3291 710 3358 defuit·
732 3295 808 3374 post
820 3313 954 3376 mesum,
976 3296 1100 3376 quanto
1113 3315 1211 3360 sunm

249 3425 475 3564 Ἡῇιῠω),
453 3431 525 3494 ).2
558 3430 570 3482 ι’
569 3429 764 3498 inperatoris*
782 3435 819 3496 et,
850 3432 884 3484 ut
905 3431 1041 3487 exciderit
1062 3435 1211 3489 wasaliam

247 3492 556 3634 ffiimgssuiffipe
567 3499 858 3639 ιἰιιξιῖῗῗιεὲενῖἐίῐι
890 3502 956 3558 de
944 3518 981 3558 m
1002 3504 1171 3572 ‘mmm
1171 3507 1211 3572 )
