2594 3976
219 213 478 272 EPISTOLARUM
495 216 545 275 AD
563 215 727 275 ATTICUM
744 217 817 272 XIV.
838 223 880 272 17.
900 223 941 272 18.
995 213 1060 280 533

102 360 199 445 viros,
222 361 308 445 quod
330 361 436 428 facere
460 363 574 448 solent,
597 363 653 448 qui
674 362 869 430 hortantur?
898 361 1061 429 neminem

100 448 207 516 habeo
230 450 398 516 clariorem
418 472 514 535 quam
536 455 569 516 te
591 452 710 538 ipsum:
733 455 766 516 ts
786 452 910 518 imitere
925 454 1061 536 oportet,

102 541 211 604 tecum
233 538 302 623 ipse
325 543 443 608 certes:
475 561 517 608 ne
543 541 618 606 licet
640 540 769 625 quidem
791 540 852 606 tibi
872 541 939 606 iam
960 539 1087 607 tannes

101 627 198 694 rebus
221 627 322 712 gestis
345 649 413 694 non
435 629 485 694 tui
506 629 643 698 similem
666 651 744 696 esse.
779 627 872 705 Quod
895 651 994 712 quum
1014 629 1062 692 ita

103 716 156 799 sit,
178 715 321 782 hortatio
345 738 413 782 non
435 721 485 784 est
506 719 696 801 necessaria,
718 717 935 804 gratulatione
957 717 1062 801 magis

102 803 259 872 utendum
287 809 350 888 est3
383 806 521 892 contigit
548 807 634 872 enim
663 807 737 890 tibi,
768 806 855 892 quod
881 804 969 870 haud
995 805 1061 870 scio

103 915 147 958 an
170 894 302 978 nemini,
323 897 361 958 nt
379 916 504 964 summa
518 895 671 963 severitas
686 894 971 962 animadversionis
993 915 1062 958 non

102 981 201 1048 modo
224 1003 292 1049 non
314 983 487 1067 invidiosa,
519 984 574 1050 sed
601 985 700 1048 etiam
726 983 891 1070 popularis
918 986 1002 1048 esset
1030 986 1063 1046 et

103 1093 204 1156 quum
226 1071 320 1137 bunia
344 1072 503 1156 omnibus,
525 1076 596 1138 tum
608 1073 719 1138 infimo
734 1073 848 1156 cuique
869 1070 1062 1157 gratissima

102 1158 177 1224 Hoc
201 1161 229 1224 si
249 1159 310 1226 tibi
332 1160 464 1226 fortuna
486 1161 626 1245 quadam
642 1161 851 1246 ,emtigisset
882 1161 1063 1246 gratularer

102 1248 253 1314 felicitati
283 1252 373 1334 tuae,
411 1249 467 1314 sed
499 1250 637 1336 contigit
668 1250 892 1336 magnitudine
924 1248 1063 1334 quadam

103 1359 205 1421 quum
228 1337 337 1422 animi,
358 1341 428 1406 tum
451 1338 549 1404 etiam
570 1339 694 1426 ingenii
717 1349 813 1423 atque
837 1338 975 1421 consilii3
997 1337 1063 1421 legi

103 1426 193 1492 enim
225 1427 412 1492 concionem
443 1431 546 1496 uam:
582 1427 665 1494 nihil
703 1428 760 1496 illa
791 1427 982 1511 sapientius,
1016 1426 1063 1491 ita

103 1514 304 1599 pedetentim
325 1521 355 1582 et
368 1517 531 1599 p'rodotim
543 1520 615 1586 tum
628 1538 775 1582 necessus
790 1538 811 1580 a
822 1520 855 1582 te
878 1516 919 1582 ad
934 1535 1063 1580 causam

104 1603 199 1688 facti,
229 1608 300 1668 tum
327 1625 484 1690 recessus,
516 1599 630 1672 oties
659 1606 730 1689 ipsa
756 1605 976 1670 maturitatem
1002 1603 1062 1669 tibi

105 1692 384 1758 animadvertendi
409 1695 555 1760 omnium
584 1716 738 1760 concessu
761 1695 871 1760 daret(
904 1692 1091 1759 Liberasti⁸

104 1781 208 1866 igitur
230 1783 263 1846 et
285 1782 398 1848 urbem
420 1784 561 1867 periculo
585 1787 618 1850 et
640 1784 802 1850 civitatem
825 1787 929 1866 metu,
960 1803 1063 1866 neque

106 1870 213 1936 solum
237 1871 277 1936 ed
299 1874 426 1955 tempus
448 1873 621 1938 maximam
643 1872 816 1938 utilitatem
839 1871 986 1954 attulisti,
1009 1869 1065 1934 sed

106 1959 208 2024 etiam
231 1959 270 2024 ad
294 1962 488 2044 exemplum3
512 1983 576 2044 quo
598 1961 685 2026 iacto
708 1960 888 2044 intelligere
911 1959 1007 2024 debes
1029 1957 1066 2022 in

105 2051 140 2112 te
171 2048 311 2132 positam
338 2071 407 2114 esse
434 2071 502 2114 rem
534 2049 699 2133 publicam
724 2049 847 2131 tibique
873 2068 941 2112 non
968 2045 1064 2111 modo

106 2137 260 2222 tuendos,
291 2137 348 2206 sed
370 2139 468 2204 etiam
490 2138 653 2204 ornandos
675 2137 748 2202 illos
775 2137 875 2218 vinos,
906 2157 926 2199 a
948 2135 1065 2219 quibus

106 2225 239 2292 initium
260 2226 419 2292 libertatis
441 2226 623 2311 profectum
646 2230 703 2290 est.
748 2223 811 2292 Sed
834 2224 885 2290 his
908 2224 947 2288 de
970 2223 1066 2288 nebus

108 2335 218 2380 coram
240 2315 335 2399 plura
356 2316 551 2400 propediem,
571 2319 609 2381 ut
623 2335 731 2398 spero:
753 2317 800 2398 tu,
823 2313 976 2397 quoniam
997 2333 1067 2376 rem

107 2401 272 2488 publicam
294 2425 418 2488 nosque
441 2425 622 2488 conservas,
642 2403 705 2488 fac,
725 2405 763 2468 ut
776 2401 1019 2487 diligentissime
1033 2404 1066 2464 te

107 2493 225 2576 ipsum,
246 2492 292 2560 mi
314 2491 493 2576 Dolabella,
515 2492 688 2559 custodias.

530 2685 653 2752 XVIII.

157 2807 214 2863 Scr.
232 2808 262 2862 in
280 2808 450 2879 Pompeiano
470 2825 494 2864 a.
514 2808 541 2862 d.
560 2805 621 2861 VII.
640 2807 705 2862 Idus
723 2807 812 2862 Maias
831 2824 855 2862 a.
873 2823 901 2862 n.
920 2821 944 2861 e.
964 2809 1022 2860 710.

443 2913 571 2972 CICERO
590 2913 731 2970 ATTICO.

179 3023 313 3108 Saepius
336 3045 387 3088 me
409 3024 475 3088 ium
497 3025 611 3109 agitas,
634 3023 720 3106 quod
740 3043 809 3086 rem
832 3025 957 3106 gestam
970 3020 1095 3087 Dola-¹

110 3113 215 3177 bellae
241 3113 339 3178 nimis
366 3113 401 3176 in
428 3113 552 3177 caelum
574 3112 685 3176 videar
707 3111 832 3193 efferre3
862 3131 925 3198 ego
952 3113 1069 3194 autem,

110 3221 308 3286 quamquam
340 3222 418 3265 sane
449 3201 551 3284 probo
583 3201 720 3283 factum,
750 3201 876 3279 tumen,
907 3201 945 3263 ut
974 3201 1068 3262 tanto

111 3311 208 3374 opere
231 3290 411 3374 laudarem,
442 3288 598 3354 adductus
621 3311 692 3354 sum
721 3287 786 3352 tuis
808 3287 881 3353 unis
905 3290 938 3352 et
960 3287 1069 3352 alteris

183 3427 235 3498 Ep.
251 3433 292 3483 1¹1.
307 3429 349 3494 A,
369 3433 393 3482 7.
407 3427 571 3497 pedctmtim
590 3433 614 3482 et
630 3427 770 3496 gradatim
789 3425 826 3496 (f,
845 3425 886 3494 L).
906 3425 966 3480 Om.
986 3427 1011 3478 et
1061 3463 1069 3478 .

111 3499 301 3643 fflkvulgo.
338 3499 389 3569 Ep.
411 3503 499 3568 18,1.
532 3499 670 3556 tesisuais
689 3497 751 3572 (ld,
769 3497 834 3567 W.).
866 3501 886 3552 t.
904 3501 974 3552 ctu.
993 3494 1023 3550 M
1053 3535 1071 3563 .,
