<?xml version="1.0" encoding="UTF-8"?>
<!DOCTYPE html PUBLIC "-//W3C//DTD XHTML 1.0 Transitional//EN"
    "http://www.w3.org/TR/xhtml1/DTD/xhtml1-transitional.dtd">
<html xmlns="http://www.w3.org/1999/xhtml" xml:lang="en" lang="en">
 <head>
  <title>
</title>
<meta http-equiv="Content-Type" content="text/html;charset=utf-8" />
  <meta name='ocr-system' content='tesseract 3.04.00' />
  <meta name='ocr-capabilities' content='ocr_page ocr_carea ocr_par ocr_line ocrx_word'/>
</head>
<body>
  <div class='ocr_page' id='page_1' title='image "./epistolae01wesegoog_0106.png"; bbox 0 0 2590 3964; ppageno 0'>
   <div class='ocr_carea' id='block_1_1' title="bbox 238 213 1005 300">
    <p class='ocr_par' dir='ltr' id='par_1_1' title="bbox 238 213 1005 300">
     <span class='ocr_line' id='line_1_1' title="bbox 238 213 1005 300; baseline -0.005 -28"><span class='ocrx_word' id='word_1_1' title='bbox 238 216 282 282; x_wconf 88' lang='grc'><strong>96</strong></span> <span class='ocrx_word' id='word_1_2' title='bbox 521 215 559 274; x_wconf 80' lang='lat' dir='ltr'><strong>ll.</strong></span> <span class='ocrx_word' id='word_1_3' title='bbox 579 215 703 271; x_wconf 82' lang='lat' dir='ltr'>TULLII</span> <span class='ocrx_word' id='word_1_4' title='bbox 721 213 911 271; x_wconf 77' lang='lat' dir='ltr'>CICERCNIS</span> <span class='ocrx_word' id='word_1_5' title='bbox 1000 287 1005 300; x_wconf 92' lang='lat'><strong>.</strong></span> 
     </span>
    </p>
   </div>
   <div class='ocr_carea' id='block_1_2' title="bbox 700 463 740 530">
    <p class='ocr_par' dir='ltr' id='par_1_2' title="bbox 700 463 740 530">
     <span class='ocr_line' id='line_1_2' title="bbox 700 463 740 530; baseline -0.05 0"><span class='ocrx_word' id='word_1_6' title='bbox 700 463 740 530; x_wconf 92' lang='lat' dir='ltr'><strong>X.</strong></span> 
     </span>
    </p>
   </div>
   <div class='ocr_carea' id='block_1_3' title="bbox 360 583 1078 710">
    <p class='ocr_par' dir='ltr' id='par_1_3' title="bbox 360 583 1078 710">
     <span class='ocr_line' id='line_1_3' title="bbox 360 583 1078 710; baseline -0.003 -68"><span class='ocrx_word' id='word_1_7' title='bbox 360 585 418 642; x_wconf 81' lang='lat' dir='ltr'><strong>Sor.</strong></span> <span class='ocrx_word' id='word_1_8' title='bbox 438 585 654 642; x_wconf 72' lang='lat' dir='ltr'><strong>Thessalonicae</strong></span> <span class='ocrx_word' id='word_1_9' title='bbox 672 583 745 640; x_wconf 88' lang='lat' dir='ltr'>XIV.</span> <span class='ocrx_word' id='word_1_10' title='bbox 754 583 905 710; x_wconf 51' lang='lat' dir='ltr'><strong>Glgplendas</strong></span> <span class='ocrx_word' id='word_1_11' title='bbox 924 583 1078 650; x_wconf 79' lang='lat' dir='ltr'><strong>Quinctiles</strong></span> 
     </span>
     <span class='ocr_line' id='line_1_4' title="bbox 621 671 814 710; baseline 0 0"><span class='ocrx_word' id='word_1_12' title='bbox 621 673 646 710; x_wconf 88' lang='lat' dir='ltr'><strong>a.</strong></span> <span class='ocrx_word' id='word_1_13' title='bbox 664 673 691 710; x_wconf 90' lang='lat' dir='ltr'><strong>u.</strong></span> <span class='ocrx_word' id='word_1_14' title='bbox 711 671 734 710; x_wconf 87' lang='lat' dir='ltr'><strong>c.</strong></span> <span class='ocrx_word' id='word_1_15' title='bbox 809 698 814 710; x_wconf 94' lang='lat'>.</span> 
     </span>
    </p>
   </div>
   <div class='ocr_carea' id='block_1_4' title="bbox 435 759 907 816">
    <p class='ocr_par' dir='ltr' id='par_1_4' title="bbox 435 759 907 816">
     <span class='ocr_line' id='line_1_5' title="bbox 435 759 907 816; baseline -0.006 0"><span class='ocrx_word' id='word_1_16' title='bbox 435 773 436 776; x_wconf 77' lang='grc'>’</span> <span class='ocrx_word' id='word_1_17' title='bbox 528 759 658 816; x_wconf 80' lang='lat' dir='ltr'>CICERO</span> <span class='ocrx_word' id='word_1_18' title='bbox 677 759 812 816; x_wconf 80' lang='lat' dir='ltr'>ATTICO</span> <span class='ocrx_word' id='word_1_19' title='bbox 833 759 907 815; x_wconf 84' lang='lat' dir='ltr'>SAL.</span> 
     </span>
    </p>
   </div>
   <div class='ocr_carea' id='block_1_5' title="bbox 214 867 1210 3332">
    <p class='ocr_par' dir='ltr' id='par_1_5' title="bbox 214 867 1210 1836">
     <span class='ocr_line' id='line_1_6' title="bbox 214 867 1209 956; baseline -0.003 -19"><span class='ocrx_word' id='word_1_20' title='bbox 214 888 227 928; x_wconf 82' lang='lat'><em>1</em></span> <span class='ocrx_word' id='word_1_21' title='bbox 307 870 392 936; x_wconf 87' lang='lat' dir='ltr'><strong>Acta</strong></span> <span class='ocrx_word' id='word_1_22' title='bbox 423 893 504 956; x_wconf 88' lang='lat' dir='ltr'><strong>quae</strong></span> <span class='ocrx_word' id='word_1_23' title='bbox 536 872 646 936; x_wconf 88' lang='lat' dir='ltr'><strong>essent</strong></span> <span class='ocrx_word' id='word_1_24' title='bbox 675 891 777 953; x_wconf 86' lang='lat' dir='ltr'><strong>usque</strong></span> <span class='ocrx_word' id='word_1_25' title='bbox 809 869 850 934; x_wconf 87' lang='lat' dir='ltr'><strong>ad</strong></span> <span class='ocrx_word' id='word_1_26' title='bbox 881 885 951 933; x_wconf 84' lang='lat' dir='ltr'><strong>vm.</strong></span> <span class='ocrx_word' id='word_1_27' title='bbox 983 867 1055 932; x_wconf 84' lang='lat' dir='ltr'><strong>Kal.</strong></span> <span class='ocrx_word' id='word_1_28' title='bbox 1086 867 1209 934; x_wconf 85' lang='lat' dir='ltr'><strong>lunias</strong></span> 
     </span>
     <span class='ocr_line' id='line_1_7' title="bbox 241 957 1210 1046; baseline -0.004 -20"><span class='ocrx_word' id='word_1_29' title='bbox 241 961 380 1046; x_wconf 79' lang='lat' dir='ltr'>cognovi</span> <span class='ocrx_word' id='word_1_30' title='bbox 407 982 446 1024; x_wconf 86' lang='lat' dir='ltr'><strong>ex</strong></span> <span class='ocrx_word' id='word_1_31' title='bbox 476 960 542 1024; x_wconf 86' lang='lat' dir='ltr'><strong>tuis</strong></span> <span class='ocrx_word' id='word_1_32' title='bbox 568 959 700 1024; x_wconf 87' lang='lat' dir='ltr'><strong>litteris:</strong></span> <span class='ocrx_word' id='word_1_33' title='bbox 736 957 860 1042; x_wconf 87' lang='lat' dir='ltr'><strong>reliqua</strong></span> <span class='ocrx_word' id='word_1_34' title='bbox 891 957 1131 1040; x_wconf 74' lang='lat' dir='ltr'><strong>exspectabam,</strong></span> <span class='ocrx_word' id='word_1_35' title='bbox 1167 961 1210 1022; x_wconf 88' lang='lat' dir='ltr'><strong>ut</strong></span> 
     </span>
     <span class='ocr_line' id='line_1_8' title="bbox 240 1045 1207 1134; baseline -0.004 -20"><span class='ocrx_word' id='word_1_36' title='bbox 240 1049 300 1114; x_wconf 92' lang='lat' dir='ltr'><strong>tibi</strong></span> <span class='ocrx_word' id='word_1_37' title='bbox 323 1049 485 1134; x_wconf 75' lang='lat' dir='ltr'>placebat,</span> <span class='ocrx_word' id='word_1_38' title='bbox 512 1047 774 1128; x_wconf 82' lang='lat' dir='ltr'><strong>Thessalonicae3</strong></span> <span class='ocrx_word' id='word_1_39' title='bbox 801 1045 916 1129; x_wconf 89' lang='lat' dir='ltr'><strong>quibus</strong></span> <span class='ocrx_word' id='word_1_40' title='bbox 940 1045 1047 1110; x_wconf 89' lang='lat' dir='ltr'><strong>allatis</strong></span> <span class='ocrx_word' id='word_1_41' title='bbox 1070 1045 1207 1110; x_wconf 76' lang='lat' dir='ltr'><strong>facilius</strong></span> 
     </span>
     <span class='ocr_line' id='line_1_9' title="bbox 241 1133 1208 1221; baseline -0.004 -19"><span class='ocrx_word' id='word_1_42' title='bbox 241 1141 380 1202; x_wconf 72' lang='lat' dir='ltr'><strong>statuere</strong></span> <span class='ocrx_word' id='word_1_43' title='bbox 403 1141 527 1221; x_wconf 90' lang='lat' dir='ltr'><strong>potero,</strong></span> <span class='ocrx_word' id='word_1_44' title='bbox 549 1136 605 1201; x_wconf 92' lang='lat' dir='ltr'><strong>ubi</strong></span> <span class='ocrx_word' id='word_1_45' title='bbox 619 1135 695 1200; x_wconf 87' lang='lat' dir='ltr'><strong>sim:</strong></span> <span class='ocrx_word' id='word_1_46' title='bbox 717 1156 803 1216; x_wconf 88' lang='lat' dir='ltr'><strong>nam,</strong></span> <span class='ocrx_word' id='word_1_47' title='bbox 826 1134 854 1197; x_wconf 91' lang='lat' dir='ltr'><strong>si</strong></span> <span class='ocrx_word' id='word_1_48' title='bbox 876 1133 937 1208; x_wconf 79' lang='lat' dir='ltr'><strong>erit</strong></span> <span class='ocrx_word' id='word_1_49' title='bbox 950 1154 1055 1218; x_wconf 87' lang='lat' dir='ltr'><strong>causa,</strong></span> <span class='ocrx_word' id='word_1_50' title='bbox 1078 1133 1105 1197; x_wconf 89' lang='lat' dir='ltr'><strong>si</strong></span> <span class='ocrx_word' id='word_1_51' title='bbox 1120 1135 1208 1217; x_wconf 91' lang='lat' dir='ltr'><strong>quid</strong></span> 
     </span>
     <span class='ocr_line' id='line_1_10' title="bbox 241 1221 1206 1377; baseline -0.003 -1"><span class='ocrx_word' id='word_1_52' title='bbox 241 1227 537 1377; x_wconf 47' lang='lat' dir='ltr'><strong>{ababa</strong></span> <span class='ocrx_word' id='word_1_53' title='bbox 550 1223 749 1376; x_wconf 49' lang='lat' dir='ltr'><strong>tillidi</strong></span> <span class='ocrx_word' id='word_1_54' title='bbox 766 1221 889 1375; x_wconf 63' lang='lat' dir='ltr'><strong>ild</strong></span> <span class='ocrx_word' id='word_1_55' title='bbox 913 1222 1206 1374; x_wconf 59' lang='lat' dir='ltr'><strong>ditabit?</strong></span> 
     </span>
     <span class='ocr_line' id='line_1_11' title="bbox 242 1360 1207 1484; baseline -0.002 -20"><span class='ocrx_word' id='word_1_56' title='bbox 242 1399 363 1484; x_wconf 91' lang='lat' dir='ltr'><strong>aliquid</strong></span> <span class='ocrx_word' id='word_1_57' title='bbox 385 1401 473 1466; x_wconf 90' lang='lat' dir='ltr'><strong>aliud</strong></span> <span class='ocrx_word' id='word_1_58' title='bbox 495 1361 682 1464; x_wconf 73' lang='lat' dir='ltr'><strong>videbimus.</strong></span> <span class='ocrx_word' id='word_1_59' title='bbox 723 1397 862 1464; x_wconf 80' lang='lat' dir='ltr'>Omnino</span> <span class='ocrx_word' id='word_1_60' title='bbox 881 1360 991 1462; x_wconf 77' lang='lat' dir='ltr'><strong>bdhuc</strong></span> <span class='ocrx_word' id='word_1_61' title='bbox 1013 1398 1095 1462; x_wconf 89' lang='lat' dir='ltr'><strong>nihil</strong></span> <span class='ocrx_word' id='word_1_62' title='bbox 1117 1362 1207 1464; x_wconf 76' lang='lat' dir='ltr'><strong>mihi</strong></span> 
     </span>
     <span class='ocr_line' id='line_1_12' title="bbox 242 1486 1205 1640; baseline -0.002 -88"><span class='ocrx_word' id='word_1_63' title='bbox 242 1489 526 1640; x_wconf 58' lang='lat' dir='ltr'><strong>siqemfioadsdnisi</strong></span> <span class='ocrx_word' id='word_1_64' title='bbox 558 1486 765 1639; x_wconf 59' lang='lat' dir='ltr'><strong>dispondiamti</strong></span> <span class='ocrx_word' id='word_1_65' title='bbox 781 1486 931 1639; x_wconf 64' lang='lat' dir='ltr'><strong>istorqm,</strong></span> <span class='ocrx_word' id='word_1_66' title='bbox 970 1507 1051 1638; x_wconf 69' lang='lat' dir='ltr'><strong>qpae</strong></span> <span class='ocrx_word' id='word_1_67' title='bbox 1085 1490 1205 1638; x_wconf 64' lang='lat' dir='ltr'><strong>tamqn</strong></span> 
     </span>
     <span class='ocr_line' id='line_1_13' title="bbox 241 1595 1205 1642; baseline -0.002 -2"><span class='ocrx_word' id='word_1_68' title='bbox 241 1599 276 1641; x_wconf 87' lang='lat' dir='ltr'><strong>m</strong></span> <span class='ocrx_word' id='word_1_69' title='bbox 309 1599 327 1640; x_wconf 88' lang='lat' dir='ltr'><strong>r</strong></span> <span class='ocrx_word' id='word_1_70' title='bbox 357 1599 412 1642; x_wconf 91' lang='lat' dir='ltr'><strong>eos</strong></span> <span class='ocrx_word' id='word_1_71' title='bbox 466 1597 664 1640; x_wconf 87' lang='lat' dir='ltr'><strong>sommus</strong></span> <span class='ocrx_word' id='word_1_72' title='bbox 719 1595 926 1640; x_wconf 88' lang='lat' dir='ltr'><strong>ousreus</strong></span> <span class='ocrx_word' id='word_1_73' title='bbox 955 1595 989 1640; x_wconf 87' lang='lat' dir='ltr'><strong>es</strong></span> <span class='ocrx_word' id='word_1_74' title='bbox 1053 1595 1205 1638; x_wconf 88' lang='lat' dir='ltr'><strong>uame</strong></span> 
     </span>
     <span class='ocr_line' id='line_1_14' title="bbox 241 1596 1205 1748; baseline -0.002 -20"><span class='ocrx_word' id='word_1_75' title='bbox 241 1686 305 1747; x_wconf 69' lang='lat' dir='ltr'><strong>me,</strong></span> <span class='ocrx_word' id='word_1_76' title='bbox 327 1664 446 1748; x_wconf 89' lang='lat' dir='ltr'><strong>itaque,</strong></span> <span class='ocrx_word' id='word_1_77' title='bbox 468 1663 545 1748; x_wconf 91' lang='lat' dir='ltr'><strong>quid</strong></span> <span class='ocrx_word' id='word_1_78' title='bbox 566 1685 604 1730; x_wconf 87' lang='lat' dir='ltr'><strong>sa</strong></span> <span class='ocrx_word' id='word_1_79' title='bbox 626 1598 716 1728; x_wconf 54' lang='lat' dir='ltr'><strong>mihl)</strong></span> <span class='ocrx_word' id='word_1_80' title='bbox 727 1663 839 1747; x_wconf 89' lang='lat' dir='ltr'><strong>prosit,</strong></span> <span class='ocrx_word' id='word_1_81' title='bbox 860 1662 979 1747; x_wconf 91' lang='lat' dir='ltr'><strong>nescio,</strong></span> <span class='ocrx_word' id='word_1_82' title='bbox 1001 1596 1056 1726; x_wconf 79' lang='lat' dir='ltr'><strong>sed</strong></span> <span class='ocrx_word' id='word_1_83' title='bbox 1078 1665 1205 1746; x_wconf 87' lang='lat' dir='ltr'><strong>tamen,</strong></span> 
     </span>
     <span class='ocr_line' id='line_1_15' title="bbox 245 1750 1204 1836; baseline -0.003 -19"><span class='ocrx_word' id='word_1_84' title='bbox 245 1753 351 1836; x_wconf 92' lang='lat' dir='ltr'><strong>quoad</strong></span> <span class='ocrx_word' id='word_1_85' title='bbox 377 1775 428 1818; x_wconf 91' lang='lat' dir='ltr'><strong>me</strong></span> <span class='ocrx_word' id='word_1_86' title='bbox 455 1774 513 1818; x_wconf 87' lang='lat' dir='ltr'><strong>vos</strong></span> <span class='ocrx_word' id='word_1_87' title='bbox 541 1773 670 1836; x_wconf 87' lang='lat' dir='ltr'><strong>sperare</strong></span> <span class='ocrx_word' id='word_1_88' title='bbox 696 1751 808 1833; x_wconf 89' lang='lat' dir='ltr'><strong>vultis,</strong></span> <span class='ocrx_word' id='word_1_89' title='bbox 838 1750 930 1815; x_wconf 84' lang='lat' dir='ltr'><strong>vobis</strong></span> <span class='ocrx_word' id='word_1_90' title='bbox 958 1751 1204 1834; x_wconf 79' lang='lat' dir='ltr'><strong>obtemperabo.</strong></span> 
     </span>
    </p>

    <p class='ocr_par' dir='ltr' id='par_1_6' title="bbox 215 1839 1202 3332">
     <span class='ocr_line' id='line_1_16' title="bbox 215 1839 1202 1925; baseline -0.003 -19"><span class='ocrx_word' id='word_1_91' title='bbox 215 1839 340 1924; x_wconf 79' lang='lat' dir='ltr'><strong>2Nam,</strong></span> <span class='ocrx_word' id='word_1_92' title='bbox 368 1841 454 1925; x_wconf 92' lang='lat' dir='ltr'><strong>quod</strong></span> <span class='ocrx_word' id='word_1_93' title='bbox 481 1862 532 1904; x_wconf 91' lang='lat' dir='ltr'><strong>me</strong></span> <span class='ocrx_word' id='word_1_94' title='bbox 560 1844 629 1904; x_wconf 88' lang='lat' dir='ltr'><strong>tam</strong></span> <span class='ocrx_word' id='word_1_95' title='bbox 651 1861 746 1924; x_wconf 86' lang='lat' dir='ltr'><strong>saepe</strong></span> <span class='ocrx_word' id='word_1_96' title='bbox 770 1843 803 1904; x_wconf 87' lang='lat' dir='ltr'><strong>et</strong></span> <span class='ocrx_word' id='word_1_97' title='bbox 824 1842 892 1902; x_wconf 86' lang='lat' dir='ltr'><strong>tam</strong></span> <span class='ocrx_word' id='word_1_98' title='bbox 913 1839 1118 1904; x_wconf 83' lang='lat' dir='ltr'><strong>vehementer</strong></span> <span class='ocrx_word' id='word_1_99' title='bbox 1143 1840 1202 1904; x_wconf 90' lang='lat' dir='ltr'><strong>ob-</strong></span> 
     </span>
     <span class='ocr_line' id='line_1_17' title="bbox 241 1927 1202 2100; baseline -0.001 -20"><span class='ocrx_word' id='word_1_100' title='bbox 241 1927 896 2100; x_wconf 52' lang='lat' dir='ltr'><strong>{tetr‘ltdtatfflttlffltldl</strong></span> <span class='ocrx_word' id='word_1_101' title='bbox 919 1928 1202 2080; x_wconf 48' lang='lat' dir='ltr'><strong>ttldrltlz’l</strong></span> 
     </span>
     <span class='ocr_line' id='line_1_18' title="bbox 243 2067 1202 2190; baseline -0.002 -20"><span class='ocrx_word' id='word_1_102' title='bbox 243 2105 307 2170; x_wconf 80' lang='lat' dir='ltr'><strong>sit?</strong></span> <span class='ocrx_word' id='word_1_103' title='bbox 343 2106 451 2190; x_wconf 86' lang='lat' dir='ltr'><strong>ecquis</strong></span> <span class='ocrx_word' id='word_1_104' title='bbox 478 2067 631 2188; x_wconf 76' lang='lat' dir='ltr'><strong>umquam</strong></span> <span class='ocrx_word' id='word_1_105' title='bbox 658 2108 726 2168; x_wconf 85' lang='lat' dir='ltr'><strong>tam</strong></span> <span class='ocrx_word' id='word_1_106' title='bbox 749 2126 787 2168; x_wconf 90' lang='lat' dir='ltr'><strong>ex</strong></span> <span class='ocrx_word' id='word_1_107' title='bbox 810 2105 917 2186; x_wconf 87' lang='lat' dir='ltr'><strong>amplo</strong></span> <span class='ocrx_word' id='word_1_108' title='bbox 941 2107 1041 2188; x_wconf 86' lang='lat' dir='ltr'><strong>statu,</strong></span> <span class='ocrx_word' id='word_1_109' title='bbox 1071 2107 1140 2167; x_wconf 85' lang='lat' dir='ltr'><strong>tam</strong></span> <span class='ocrx_word' id='word_1_110' title='bbox 1164 2104 1202 2168; x_wconf 89' lang='lat' dir='ltr'><strong>in</strong></span> 
     </span>
     <span class='ocr_line' id='line_1_19' title="bbox 241 2192 1201 2282; baseline -0.001 -25"><span class='ocrx_word' id='word_1_111' title='bbox 241 2192 330 2258; x_wconf 91' lang='lat' dir='ltr'><strong>bona</strong></span> <span class='ocrx_word' id='word_1_112' title='bbox 365 2215 474 2278; x_wconf 88' lang='lat' dir='ltr'><strong>causa,</strong></span> <span class='ocrx_word' id='word_1_113' title='bbox 509 2193 610 2258; x_wconf 83' lang='lat' dir='ltr'><strong>tantis</strong></span> <span class='ocrx_word' id='word_1_114' title='bbox 645 2192 854 2282; x_wconf 84' lang='lat' dir='ltr'><strong>facultatibus</strong></span> <span class='ocrx_word' id='word_1_115' title='bbox 890 2192 1026 2276; x_wconf 83' lang='lat' dir='ltr'><strong>ingenii,</strong></span> <span class='ocrx_word' id='word_1_116' title='bbox 1063 2192 1201 2274; x_wconf 77' lang='lat' dir='ltr'><strong>consilii,</strong></span> 
     </span>
     <span class='ocr_line' id='line_1_20' title="bbox 243 2279 1200 2366; baseline -0.003 -21"><span class='ocrx_word' id='word_1_117' title='bbox 243 2283 376 2366; x_wconf 81' lang='lat' dir='ltr'><strong>gratiae,</strong></span> <span class='ocrx_word' id='word_1_118' title='bbox 397 2282 498 2347; x_wconf 83' lang='lat' dir='ltr'><strong>tantis</strong></span> <span class='ocrx_word' id='word_1_119' title='bbox 520 2281 688 2365; x_wconf 83' lang='lat' dir='ltr'><strong>praesidiis</strong></span> <span class='ocrx_word' id='word_1_120' title='bbox 704 2281 864 2346; x_wconf 88' lang='lat' dir='ltr'><strong>bonorum</strong></span> <span class='ocrx_word' id='word_1_121' title='bbox 877 2280 1022 2345; x_wconf 90' lang='lat' dir='ltr'><strong>omnium</strong></span> <span class='ocrx_word' id='word_1_122' title='bbox 1036 2279 1200 2344; x_wconf 83' lang='lat' dir='ltr'><strong>concidit?</strong></span> 
     </span>
     <span class='ocr_line' id='line_1_21' title="bbox 242 2367 1199 2453; baseline -0.001 -21"><span class='ocrx_word' id='word_1_123' title='bbox 242 2389 375 2452; x_wconf 89' lang='lat' dir='ltr'><strong>possum</strong></span> <span class='ocrx_word' id='word_1_124' title='bbox 389 2370 543 2452; x_wconf 86' lang='lat' dir='ltr'><strong>oblivisci,</strong></span> <span class='ocrx_word' id='word_1_125' title='bbox 566 2369 621 2453; x_wconf 91' lang='lat' dir='ltr'><strong>qui</strong></span> <span class='ocrx_word' id='word_1_126' title='bbox 639 2369 777 2433; x_wconf 78' lang='lat' dir='ltr'><strong>fuerim?</strong></span> <span class='ocrx_word' id='word_1_127' title='bbox 799 2390 868 2434; x_wconf 92' lang='lat' dir='ltr'><strong>non</strong></span> <span class='ocrx_word' id='word_1_128' title='bbox 886 2368 1013 2452; x_wconf 87' lang='lat' dir='ltr'><strong>sentire,</strong></span> <span class='ocrx_word' id='word_1_129' title='bbox 1036 2369 1090 2452; x_wconf 90' lang='lat' dir='ltr'><strong>qui</strong></span> <span class='ocrx_word' id='word_1_130' title='bbox 1113 2367 1199 2432; x_wconf 82' lang='lat' dir='ltr'><strong>sim?</strong></span> 
     </span>
     <span class='ocr_line' id='line_1_22' title="bbox 243 2456 1199 2540; baseline 0.003 -21"><span class='ocrx_word' id='word_1_131' title='bbox 243 2476 308 2538; x_wconf 91' lang='lat' dir='ltr'><strong>quo</strong></span> <span class='ocrx_word' id='word_1_132' title='bbox 331 2477 457 2520; x_wconf 85' lang='lat' dir='ltr'><strong>caream</strong></span> <span class='ocrx_word' id='word_1_133' title='bbox 478 2456 611 2540; x_wconf 88' lang='lat' dir='ltr'><strong>honore,</strong></span> <span class='ocrx_word' id='word_1_134' title='bbox 634 2478 698 2540; x_wconf 90' lang='lat' dir='ltr'><strong>qua</strong></span> <span class='ocrx_word' id='word_1_135' title='bbox 716 2457 828 2540; x_wconf 81' lang='lat' dir='ltr'><strong>gloria,</strong></span> <span class='ocrx_word' id='word_1_136' title='bbox 851 2457 966 2540; x_wconf 88' lang='lat' dir='ltr'><strong>quibus</strong></span> <span class='ocrx_word' id='word_1_137' title='bbox 988 2456 1106 2539; x_wconf 89' lang='lat' dir='ltr'><strong>liberis,</strong></span> <span class='ocrx_word' id='word_1_138' title='bbox 1128 2457 1199 2540; x_wconf 89' lang='lat' dir='ltr'><strong>qui-</strong></span> 
     </span>
     <span class='ocr_line' id='line_1_23' title="bbox 243 2543 1199 2629; baseline 0.002 -23"><span class='ocrx_word' id='word_1_139' title='bbox 243 2543 304 2607; x_wconf 88' lang='lat' dir='ltr'><strong>bus</strong></span> <span class='ocrx_word' id='word_1_140' title='bbox 335 2543 489 2628; x_wconf 88' lang='lat' dir='ltr'><strong>fortunis,</strong></span> <span class='ocrx_word' id='word_1_141' title='bbox 522 2566 585 2627; x_wconf 90' lang='lat' dir='ltr'><strong>quo</strong></span> <span class='ocrx_word' id='word_1_142' title='bbox 615 2544 738 2610; x_wconf 77' lang='lat' dir='ltr'><strong>fratre?</strong></span> <span class='ocrx_word' id='word_1_143' title='bbox 775 2566 870 2629; x_wconf 89' lang='lat' dir='ltr'><strong>quem</strong></span> <span class='ocrx_word' id='word_1_144' title='bbox 901 2565 978 2628; x_wconf 81' lang='lat' dir='ltr'><strong>ego,</strong></span> <span class='ocrx_word' id='word_1_145' title='bbox 1008 2547 1046 2608; x_wconf 90' lang='lat' dir='ltr'><strong>ut</strong></span> <span class='ocrx_word' id='word_1_146' title='bbox 1075 2565 1199 2610; x_wconf 82' lang='lat' dir='ltr'><strong>novum</strong></span> 
     </span>
     <span class='ocr_line' id='line_1_24' title="bbox 243 2630 1198 2718; baseline 0.002 -24"><span class='ocrx_word' id='word_1_147' title='bbox 243 2630 436 2696; x_wconf 86' lang='lat' dir='ltr'><strong>calamitatis</strong></span> <span class='ocrx_word' id='word_1_148' title='bbox 468 2653 570 2718; x_wconf 85' lang='lat' dir='ltr'><strong>genus</strong></span> <span class='ocrx_word' id='word_1_149' title='bbox 601 2633 764 2717; x_wconf 88' lang='lat' dir='ltr'><strong>attendas,</strong></span> <span class='ocrx_word' id='word_1_150' title='bbox 797 2655 895 2717; x_wconf 89' lang='lat' dir='ltr'><strong>quum</strong></span> <span class='ocrx_word' id='word_1_151' title='bbox 926 2633 1027 2717; x_wconf 87' lang='lat' dir='ltr'><strong>pluris</strong></span> <span class='ocrx_word' id='word_1_152' title='bbox 1058 2632 1198 2697; x_wconf 87' lang='lat' dir='ltr'><strong>facerem</strong></span> 
     </span>
     <span class='ocr_line' id='line_1_25' title="bbox 244 2720 1198 2805; baseline 0.002 -23"><span class='ocrx_word' id='word_1_153' title='bbox 244 2740 341 2802; x_wconf 89' lang='lat' dir='ltr'><strong>quam</strong></span> <span class='ocrx_word' id='word_1_154' title='bbox 377 2741 428 2784; x_wconf 89' lang='lat' dir='ltr'><strong>me</strong></span> <span class='ocrx_word' id='word_1_155' title='bbox 463 2720 570 2804; x_wconf 92' lang='lat' dir='ltr'><strong>ipsum</strong></span> <span class='ocrx_word' id='word_1_156' title='bbox 606 2742 794 2805; x_wconf 85' lang='lat' dir='ltr'><strong>semperque</strong></span> <span class='ocrx_word' id='word_1_157' title='bbox 825 2721 984 2803; x_wconf 81' lang='lat' dir='ltr'><strong>fecissem,</strong></span> <span class='ocrx_word' id='word_1_158' title='bbox 1025 2721 1124 2785; x_wconf 81' lang='lat' dir='ltr'><strong>vitavi</strong></span> <span class='ocrx_word' id='word_1_159' title='bbox 1156 2741 1198 2785; x_wconf 88' lang='lat' dir='ltr'><strong>ne</strong></span> 
     </span>
     <span class='ocr_line' id='line_1_26' title="bbox 243 2806 1197 2893; baseline 0.001 -22"><span class='ocrx_word' id='word_1_160' title='bbox 243 2806 393 2892; x_wconf 86' lang='lat' dir='ltr'><strong>viderem,</strong></span> <span class='ocrx_word' id='word_1_161' title='bbox 416 2829 457 2872; x_wconf 88' lang='lat' dir='ltr'><strong>ne</strong></span> <span class='ocrx_word' id='word_1_162' title='bbox 480 2812 537 2872; x_wconf 88' lang='lat' dir='ltr'><strong>aut</strong></span> <span class='ocrx_word' id='word_1_163' title='bbox 559 2809 644 2874; x_wconf 89' lang='lat' dir='ltr'><strong>illius</strong></span> <span class='ocrx_word' id='word_1_164' title='bbox 666 2809 789 2874; x_wconf 89' lang='lat' dir='ltr'><strong>luctum</strong></span> <span class='ocrx_word' id='word_1_165' title='bbox 811 2809 1055 2892; x_wconf 88' lang='lat' dir='ltr'><strong>squaloremque</strong></span> <span class='ocrx_word' id='word_1_166' title='bbox 1078 2808 1197 2893; x_wconf 88' lang='lat' dir='ltr'><strong>aspice-</strong></span> 
     </span>
     <span class='ocr_line' id='line_1_27' title="bbox 242 2896 1199 2980; baseline -0.001 -20"><span class='ocrx_word' id='word_1_167' title='bbox 242 2918 311 2960; x_wconf 89' lang='lat' dir='ltr'><strong>rem</strong></span> <span class='ocrx_word' id='word_1_168' title='bbox 339 2899 396 2962; x_wconf 88' lang='lat' dir='ltr'><strong>aut</strong></span> <span class='ocrx_word' id='word_1_169' title='bbox 423 2918 488 2980; x_wconf 89' lang='lat' dir='ltr'><strong>me,</strong></span> <span class='ocrx_word' id='word_1_170' title='bbox 510 2913 616 2980; x_wconf 86' lang='lat' dir='ltr'><strong>¹quem</strong></span> <span class='ocrx_word' id='word_1_171' title='bbox 641 2897 696 2962; x_wconf 89' lang='lat' dir='ltr'><strong>ille</strong></span> <span class='ocrx_word' id='word_1_172' title='bbox 722 2897 986 2962; x_wconf 89' lang='lat' dir='ltr'><strong>florentissimum</strong></span> <span class='ocrx_word' id='word_1_173' title='bbox 1016 2896 1199 2980; x_wconf 85' lang='lat' dir='ltr'><strong>reliquerat,</strong></span> 
     </span>
     <span class='ocr_line' id='line_1_28' title="bbox 242 2983 1199 3070; baseline -0.001 -21"><span class='ocrx_word' id='word_1_174' title='bbox 242 2985 403 3068; x_wconf 88' lang='lat' dir='ltr'><strong>perditum</strong></span> <span class='ocrx_word' id='word_1_175' title='bbox 435 2985 482 3048; x_wconf 92' lang='lat' dir='ltr'><strong>illi</strong></span> <span class='ocrx_word' id='word_1_176' title='bbox 513 2985 732 3070; x_wconf 87' lang='lat' dir='ltr'><strong>afflictumque</strong></span> <span class='ocrx_word' id='word_1_177' title='bbox 764 2985 919 3050; x_wconf 85' lang='lat' dir='ltr'><strong>offerrem.</strong></span> <span class='ocrx_word' id='word_1_178' title='bbox 964 2983 1061 3049; x_wconf 88' lang='lat' dir='ltr'><strong>Mitto</strong></span> <span class='ocrx_word' id='word_1_179' title='bbox 1092 2987 1199 3048; x_wconf 85' lang='lat' dir='ltr'><strong>cetera</strong></span> 
     </span>
     <span class='ocr_line' id='line_1_29' title="bbox 243 3072 1197 3157; baseline 0 -21"><span class='ocrx_word' id='word_1_180' title='bbox 243 3073 472 3156; x_wconf 70' lang='lat' dir='ltr'><strong>intolerabilia,</strong></span> <span class='ocrx_word' id='word_1_181' title='bbox 496 3073 615 3137; x_wconf 91' lang='lat' dir='ltr'><strong>etenim</strong></span> <span class='ocrx_word' id='word_1_182' title='bbox 636 3073 714 3138; x_wconf 85' lang='lat' dir='ltr'><strong>fletu</strong></span> <span class='ocrx_word' id='word_1_183' title='bbox 727 3073 893 3157; x_wconf 89' lang='lat' dir='ltr'><strong>impedior.</strong></span> <span class='ocrx_word' id='word_1_184' title='bbox 919 3072 982 3137; x_wconf 87' lang='lat' dir='ltr'><strong>Hic</strong></span> <span class='ocrx_word' id='word_1_185' title='bbox 1004 3075 1113 3137; x_wconf 89' lang='lat' dir='ltr'><strong>utrum</strong></span> <span class='ocrx_word' id='word_1_186' title='bbox 1126 3077 1197 3138; x_wconf 91' lang='lat' dir='ltr'><strong>tan·</strong></span> 
     </span>
     <span class='ocr_line' id='line_1_30' title="bbox 244 3159 1197 3246; baseline -0.001 -22"><span class='ocrx_word' id='word_1_187' title='bbox 244 3159 317 3224; x_wconf 88' lang='lat' dir='ltr'><strong>dem</strong></span> <span class='ocrx_word' id='word_1_188' title='bbox 331 3183 402 3226; x_wconf 92' lang='lat' dir='ltr'><strong>sum</strong></span> <span class='ocrx_word' id='word_1_189' title='bbox 416 3161 624 3244; x_wconf 82' lang='lat' dir='ltr'><strong>accusandus,</strong></span> <span class='ocrx_word' id='word_1_190' title='bbox 647 3160 732 3245; x_wconf 92' lang='lat' dir='ltr'><strong>quod</strong></span> <span class='ocrx_word' id='word_1_191' title='bbox 747 3160 848 3246; x_wconf 90' lang='lat' dir='ltr'><strong>doleo,</strong></span> <span class='ocrx_word' id='word_1_192' title='bbox 871 3183 922 3245; x_wconf 89' lang='lat' dir='ltr'><strong>an,</strong></span> <span class='ocrx_word' id='word_1_193' title='bbox 945 3160 1031 3245; x_wconf 89' lang='lat' dir='ltr'><strong>quod</strong></span> <span class='ocrx_word' id='word_1_194' title='bbox 1045 3161 1197 3242; x_wconf 91' lang='lat' dir='ltr'><strong>commisi,</strong></span> 
     </span>
     <span class='ocr_line' id='line_1_31' title="bbox 244 3249 1196 3332; baseline -0.001 -21"><span class='ocrx_word' id='word_1_195' title='bbox 244 3251 282 3312; x_wconf 92' lang='lat' dir='ltr'><strong>ut</strong></span> <span class='ocrx_word' id='word_1_196' title='bbox 302 3249 383 3314; x_wconf 87' lang='lat' dir='ltr'><strong>haec</strong></span> <span class='ocrx_word' id='word_1_197' title='bbox 408 3272 476 3315; x_wconf 92' lang='lat' dir='ltr'><strong>non</strong></span> <span class='ocrx_word' id='word_1_198' title='bbox 502 3251 559 3313; x_wconf 87' lang='lat' dir='ltr'><strong>aut</strong></span> <span class='ocrx_word' id='word_1_199' title='bbox 581 3249 754 3314; x_wconf 87' lang='lat' dir='ltr'><strong>retinerem</strong></span> <span class='ocrx_word' id='word_1_200' title='bbox 776 3285 818 3296; x_wconf 91' lang='grc'>-</span> <span class='ocrx_word' id='word_1_201' title='bbox 842 3249 928 3332; x_wconf 90' lang='lat' dir='ltr'><strong>quod</strong></span> <span class='ocrx_word' id='word_1_202' title='bbox 954 3249 1049 3314; x_wconf 89' lang='lat' dir='ltr'><strong>facile</strong></span> <span class='ocrx_word' id='word_1_203' title='bbox 1075 3249 1196 3325; x_wconf 86' lang='lat' dir='ltr'><strong>fuisset,</strong></span> 
     </span>
    </p>
   </div>
   <div class='ocr_carea' id='block_1_6' title="bbox 311 3431 1284 3504">
    <p class='ocr_par' dir='ltr' id='par_1_7' title="bbox 311 3431 1284 3504">
     <span class='ocr_line' id='line_1_32' title="bbox 311 3431 1284 3504; baseline -0.006 -13"><span class='ocrx_word' id='word_1_204' title='bbox 311 3436 362 3504; x_wconf 79' lang='lat' dir='ltr'><strong>ap.</strong></span> <span class='ocrx_word' id='word_1_205' title='bbox 383 3443 429 3504; x_wconf 89' lang='lat'><strong>10,</strong></span> <span class='ocrx_word' id='word_1_206' title='bbox 446 3443 469 3491; x_wconf 87' lang='lat'><strong>1.</strong></span> <span class='ocrx_word' id='word_1_207' title='bbox 501 3435 540 3490; x_wconf 71' lang='lat' dir='ltr'><strong>aa</strong></span> <span class='ocrx_word' id='word_1_208' title='bbox 558 3433 665 3488; x_wconf 76' lang='lat' dir='ltr'><strong>Viri.</strong></span> <span class='ocrx_word' id='word_1_209' title='bbox 684 3433 798 3502; x_wconf 81' lang='lat' dir='ltr'><strong>(vulgo).</strong></span> <span class='ocrx_word' id='word_1_210' title='bbox 830 3433 868 3487; x_wconf 81' lang='lat' dir='ltr'><strong>aa</strong></span> <span class='ocrx_word' id='word_1_211' title='bbox 881 3449 906 3487; x_wconf 75' lang='lat' dir='ltr'><strong>a.</strong></span> <span class='ocrx_word' id='word_1_212' title='bbox 921 3433 948 3487; x_wconf 78' lang='lat' dir='ltr'><strong>a.</strong></span> <span class='ocrx_word' id='word_1_213' title='bbox 968 3431 1079 3488; x_wconf 82' lang='lat' dir='ltr'>VIII.</span> <span class='ocrx_word' id='word_1_214' title='bbox 1099 3431 1153 3499; x_wconf 86' lang='lat' dir='ltr'><strong>(w.</strong></span> <span class='ocrx_word' id='word_1_215' title='bbox 1168 3431 1195 3486; x_wconf 77' lang='lat' dir='ltr'><strong>a</strong></span> <span class='ocrx_word' id='word_1_216' title='bbox 1283 3451 1284 3474; x_wconf 52' lang='grc' dir='ltr'>ι</span> 
     </span>
    </p>
   </div>
   <div class='ocr_carea' id='block_1_7' title="bbox 241 3503 1194 3645">
    <p class='ocr_par' dir='ltr' id='par_1_8' title="bbox 241 3503 1194 3645">
     <span class='ocr_line' id='line_1_33' title="bbox 242 3503 1194 3575; baseline -0.002 -15"><span class='ocrx_word' id='word_1_217' title='bbox 242 3507 300 3575; x_wconf 82' lang='lat' dir='ltr'>B.)?</span> <span class='ocrx_word' id='word_1_218' title='bbox 337 3512 362 3559; x_wconf 79' lang='lat'><strong>2.</strong></span> <span class='ocrx_word' id='word_1_219' title='bbox 385 3507 452 3574; x_wconf 80' lang='lat' dir='ltr'><strong>quid</strong></span> <span class='ocrx_word' id='word_1_220' title='bbox 473 3503 593 3572; x_wconf 78' lang='lat' dir='ltr'><strong>fuerim?</strong></span> <span class='ocrx_word' id='word_1_221' title='bbox 617 3544 645 3557; x_wconf 89' lang='lat'><strong>..</strong></span> <span class='ocrx_word' id='word_1_222' title='bbox 668 3505 736 3572; x_wconf 81' lang='lat' dir='ltr'><strong>qaid</strong></span> <span class='ocrx_word' id='word_1_223' title='bbox 757 3505 809 3557; x_wconf 81' lang='lat' dir='ltr'><strong>sim</strong></span> <span class='ocrx_word' id='word_1_224' title='bbox 834 3504 880 3572; x_wconf 79' lang='lat' dir='ltr'><strong>(h,</strong></span> <span class='ocrx_word' id='word_1_225' title='bbox 904 3503 946 3558; x_wconf 87' lang='lat' dir='ltr'><strong>cd.</strong></span> <span class='ocrx_word' id='word_1_226' title='bbox 964 3503 1061 3572; x_wconf 80' lang='lat' dir='ltr'><strong>Laud,</strong></span> <span class='ocrx_word' id='word_1_227' title='bbox 1080 3503 1143 3572; x_wconf 79' lang='lat' dir='ltr'><strong>lt.)?</strong></span> <span class='ocrx_word' id='word_1_228' title='bbox 1162 3528 1194 3542; x_wconf 72' lang='lat'><em>-</em></span> 
     </span>
     <span class='ocr_line' id='line_1_34' title="bbox 241 3573 915 3645; baseline -0.004 -14"><span class='ocrx_word' id='word_1_229' title='bbox 241 3579 305 3632; x_wconf 81' lang='lat' dir='ltr'><strong>baec</strong></span> <span class='ocrx_word' id='word_1_230' title='bbox 322 3591 380 3631; x_wconf 78' lang='lat' dir='ltr'><strong>noa</strong></span> <span class='ocrx_word' id='word_1_231' title='bbox 396 3581 446 3630; x_wconf 78' lang='lat' dir='ltr'><strong>eat</strong></span> <span class='ocrx_word' id='word_1_232' title='bbox 465 3575 567 3645; x_wconf 80' lang='lat' dir='ltr'><strong>(Madv.</strong></span> <span class='ocrx_word' id='word_1_233' title='bbox 585 3575 666 3643; x_wconf 87' lang='lat' dir='ltr'><strong>Adv.)</strong></span> <span class='ocrx_word' id='word_1_234' title='bbox 685 3574 710 3628; x_wconf 80' lang='lat' dir='ltr'><strong>b.</strong></span> <span class='ocrx_word' id='word_1_235' title='bbox 730 3591 755 3628; x_wconf 84' lang='lat' dir='ltr'><strong>a.</strong></span> <span class='ocrx_word' id='word_1_236' title='bbox 774 3591 802 3627; x_wconf 77' lang='lat' dir='ltr'><strong>a.</strong></span> <span class='ocrx_word' id='word_1_237' title='bbox 821 3573 915 3642; x_wconf 81' lang='lat' dir='ltr'><strong>vulgo.</strong></span> 
     </span>
    </p>
   </div>
   <div class='ocr_carea' id='block_1_8' title="bbox 0 0 1300 3964">
    <p class='ocr_par' dir='ltr' id='par_1_9' title="bbox 0 0 1300 3964">
     <span class='ocr_line' id='line_1_35' title="bbox 0 0 1300 3964; baseline 0 0"><span class='ocrx_word' id='word_1_238' title='bbox 0 0 1300 3964; x_wconf 95' lang='lat' dir='ltr'><strong> </strong></span> 
     </span>
    </p>
   </div>
  </div>
 </body>
</html>
