2594 3976
251 243 511 300 EPISTOLARUM
527 243 577 298 AD
596 240 762 298 ATTICUM
779 241 852 296 XIV.
874 249 914 296 17.
995 240 1058 306 531

103 391 191 473 aeta,
223 409 335 456 verum
362 389 459 454 etiam
487 389 629 474 cogitata
657 407 853 452 revocamur.
897 385 946 452 De
968 385 1061 452 Mon·

102 483 198 560 tamo,
230 478 384 561 quoniam
410 475 557 542 Flamma
583 476 684 561 uenit,
716 475 851 541 videbis:
887 479 966 560 puto
993 497 1062 540 rem

103 565 237 634 meliore
260 565 332 632 looo
356 586 425 630 esse
448 565 572 630 debere.

566 759 606 824 A.

249 877 379 934 oweno
397 877 642 934 DOLABELLAE
661 879 734 936 COS.
755 877 823 934 SUO
844 877 919 934 SAL.

174 987 248 1052 Etsi
270 992 441 1054 eontentus
465 1011 566 1074 eram,
597 990 642 1054 mi
663 987 847 1074 Dolabella,
877 991 935 1053 tua
962 987 1091 1073 gloriar
1206 1066 1208 1075 .

105 1077 251 1162 satisque
282 1098 321 1142 ex
352 1099 391 1142 ea
426 1099 580 1164 magnam
615 1077 772 1144 laetitiam
803 1078 1065 1161 voluptatemque

97 1167 286 1252 sapiebam,
308 1167 419 1232 tamen
432 1187 501 1234 non
513 1188 646 1252 possum
659 1187 728 1232 non
741 1165 887 1232 confiteri
909 1165 1065 1230 cumulari

105 1275 159 1320 me
187 1255 326 1319 maximo
355 1255 486 1340 gaudio,
518 1255 605 1340 quod
631 1255 729 1341 vulgo
760 1255 929 1320 hominum
957 1254 1065 1338 opinio

106 1343 231 1414 socium
257 1365 310 1408 me
337 1343 477 1409 ascribat
502 1344 568 1409 tuis
595 1344 753 1410 laudibus.
797 1341 969 1408 Neminem
992 1364 1066 1408 oon·

106 1433 183 1497 veni
212 1468 255 1478 —
283 1430 440 1498 convenio
472 1437 591 1512 autem,
614 1431 755 1518 quotidie
787 1433 957 1516 plurimos3
990 1434 1067 1496 sunt

107 1521 197 1586 enim
219 1520 371 1606 permulti
394 1521 508 1606 optimi
530 1521 600 1605 viri,
623 1521 678 1606 qui
696 1519 890 1588 valetudinis
913 1541 1011 1586 eausa
1032 1520 1067 1585 in

106 1609 190 1674 haee
211 1609 285 1676 loca
306 1609 448 1694 veniant,
469 1614 636 1694 praeterea
658 1630 696 1674 ex
713 1609 897 1694 municipiis
919 1609 1067 1694 frequen-

105 1703 159 1763 tes
186 1698 358 1763 necessarii
388 1697 466 1782 mei3
499 1698 554 1784 qui
581 1719 709 1782 omnes,
739 1719 839 1783 quum
869 1701 902 1762 te
935 1698 1067 1763 summis

105 1785 258 1852 laudibus
294 1786 336 1851 ad
377 1787 501 1852 eaelum
546 1788 742 1872 extulerunt,
786 1786 867 1852 mihi
912 1787 1066 1852 continuo

107 1875 266 1940 maximas
289 1875 410 1960 gratias
438 1879 554 1962 agunt,
585 1880 709 1962 negant
735 1876 822 1940 enim
850 1897 883 1940 se
912 1875 1068 1958 dubitare,

108 1963 190 2050 quin
216 1966 253 2028 tu
282 1965 362 2028 meis
391 1965 571 2050 praeceptis
603 1968 636 2029 et
667 1964 809 2030 consiliis
841 1963 1067 2048 obtemperans

107 2052 425 2138 praestantissimum
446 2055 480 2117 te
503 2053 605 2118 civem
628 2055 661 2116 ot
684 2052 880 2136 singularem
903 2052 1068 2116 consulem

108 2140 279 2226 praebeas:
309 2141 425 2225 quibus
449 2161 509 2226 ego
533 2163 727 2226 quamquam
749 2139 913 2204 verissime
935 2158 1095 2224 pessuma

107 2229 304 2314 respondere
326 2233 369 2313 te,
392 2251 473 2313 quae
486 2229 597 2314 facias,
619 2233 676 2294 tuo
695 2228 812 2294 iudicio
827 2231 860 2292 et
881 2232 939 2292 tua
953 2231 1068 2312 sponte

108 2318 217 2383 faeere
240 2338 299 2382 neo
323 2319 510 2402 cuiusquam
533 2339 627 2404 egere
651 2317 801 2401 oonsilio,
831 2320 942 2382 tamen
964 2337 1068 2401 neque

108 2407 207 2491 plane
239 2407 411 2492 assentior,
448 2428 489 2471 ne
521 2407 711 2472 imminuam
742 2409 833 2470 tuam
864 2405 1006 2488 laudem,
1042 2405 1069 2470 si

109 2495 218 2560 omnis
250 2516 269 2558 a
300 2495 380 2560 meis
412 2495 555 2560 consiliis
590 2495 735 2580 profecta
766 2495 928 2578 videatur,
964 2515 1068 2578 neque

108 2583 205 2648 valde
231 2603 330 2670 nego,
360 2605 431 2648 sum
458 2584 544 2648 enim
572 2583 695 2649 avidior
722 2583 832 2666 etiam,
864 2604 961 2669 quam
990 2583 1068 2648 satis

109 2675 170 2756 est,
193 2672 314 2759 gloriae
339 2675 503 2736 ettamen
525 2694 592 2737 non
614 2673 754 2736 alienum
768 2675 817 2736 est
831 2672 990 2758 dignitate
1003 2676 1069 2755 tua,

109 2760 199 2846 quod
220 2761 284 2846 ipsi
297 2760 545 2846 Agamemnoni,
566 2781 680 2846 regum
702 2761 780 2846 regi,
802 2761 865 2825 tuit
887 2761 1070 2843 honestum,

107 2847 230 2914 habere
244 2849 384 2934 aliquem
397 2850 432 2914 in
445 2849 588 2915 consiliis
609 2848 772 2934 capiendis
785 2847 967 2932 Nestorem,
989 2848 1069 2912 mihi

109 2959 187 3004 vero
211 2938 388 3022 gloriosum
414 2941 447 3002 te
470 2939 618 3004 iuvenem
646 2937 810 3002 consulem
832 2937 946 3002 florere
968 2936 1068 3001 laudi-

110 3027 173 3092 bus
202 3027 295 3111 quasi
322 3026 488 3092 alumnum
515 3026 703 3112 disciplinae
729 3047 828 3090 meae.
877 3024 913 3090 L.
941 3024 1095 3109 quidem³

182 3235 233 3305 Ep.
255 3242 297 3292 ll.
314 3236 358 3304 A,
382 3243 406 3290 1.
439 3237 507 3302 oiri,
529 3238 578 3306 qui
599 3237 652 3292 ool.
681 3235 720 3305 (f,
743 3252 770 3290 or
798 3235 835 3288 M.
854 3233 884 3289 in
902 3235 950 3290 alt.
971 3251 1013 3290 ex.
1032 3235 1069 3288 ad

108 3307 188 3361 Fam.
208 3305 255 3360 IX.
276 3312 318 3376 14,
336 3308 377 3377 1.),
395 3337 431 3346 -
448 3323 472 3362 o.
491 3323 517 3360 o.
535 3307 630 3361 MRB.
663 3338 696 3348 -
728 3307 793 3360 boec
811 3307 871 3360 loeo
887 3308 1008 3371 ueniant,
1024 3323 1067 3374 pr.

109 3377 149 3446 (f,
168 3377 209 3446 1.).
227 3378 270 3432 aa
284 3378 358 3444 zoas,
377 3377 540 3432 conveniunt
547 3395 593 3446 pr.
609 3377 647 3445 0.,
665 3395 717 3445 ve,
736 3378 782 3444 M,
800 3377 870 3444 AF,
889 3376 975 3432 ceteri
993 3375 1068 3442 Mal,

108 3447 171 3502 RB.
191 3477 225 3488 -
242 3449 309 3516 mei;
326 3448 376 3518 qui
393 3465 417 3504 ο.
437 3449 476 3518 (f,
493 3447 599 3517 HM).
617 3449 669 3502 mei
684 3479 716 3488 -
735 3449 804 3517 qaia
821 3463 844 3502 o.
864 3448 910 3502 lB.
930 3479 963 3486 κ
983 3453 1070 3517 ayunt

109 3517 227 3588 (nat).
251 3518 383 3590 opunti,
402 3518 433 3572 R
484 3525 508 3574 2.
540 3519 900 3590 aepo,aoa..plora·aeet
919 3519 993 3588 (W.).
1026 3535 1069 3583 ης
1180 3533 1183 3538 ’

107 3605 170 3646 sum
186 3630 192 3644 .
208 3631 214 3644 .
228 3589 263 3660 pl.
285 3587 324 3644 Et
342 3590 435 3660 vulgo.

855 3677 909 3732 34*
