2510 3958
179 216 442 274 EPISTOLARUM
459 218 509 272 AD
527 217 693 273 ATTICUM
710 215 771 271 VII.
790 217 903 270 20-22.
954 211 1018 278 257

68 361 238 446 copiarum:
271 362 334 428 hoc
356 361 537 428 cuiusmodi
559 361 631 426 est?
664 378 722 426 vn.
744 359 821 424 Idu's
844 357 937 423 Febr.
961 354 1047 422 ear

67 472 155 533 poam
177 446 213 514 Ο.
229 447 361 516 Cassius
383 450 533 515 tribunus
555 450 599 534 pl.
615 449 713 534 venit,
735 448 845 512 attulit
867 445 1021 511 mandata

6 559 7 562 ¹
67 537 103 600 ad
122 544 283 623 consules,
304 542 342 604 ut
355 538 493 606 Romam
512 539 671 622 venirent,
690 535 862 620 pecuniam
884 535 923 600 de
947 555 1020 600 san·
1119 560 1130 578 ·

68 625 156 690 ctiore
179 627 308 692 aerario
336 627 514 710 auferrent,
546 626 657 690 statim
684 626 817 689 exirent.
861 623 950 688 Urbe
972 643 1020 687 re·

67 713 134 778 licta
154 715 316 780 redeant?
343 737 407 799 quo
430 713 612 798 praesidio?
642 713 758 778 deinde
780 711 917 778 exeant?
949 711 1021 795 quis

68 800 165 866 sinat?
203 801 330 869 Consul
352 803 383 868 ei
404 803 582 888 rescripsit,
607 805 646 867 ut
672 802 762 886 prius
783 801 853 886 ipse
875 800 912 864 in
933 797 1022 863 Pice·

68 910 147 954 num:
180 895 217 955 at
246 890 327 956 illud
353 895 461 958 totum
487 895 557 956 erat
584 891 751 972 amissum3
782 889 905 954 sciebat
925 908 1021 952 nemo

68 981 184 1060 praeter
206 1001 262 1044 me
286 1001 325 1044 ex
346 979 464 1046 litteris
485 979 682 1046 Dolabellae.
708 977 791 1043 Mihi
807 976 941 1044 dubium
954 995 1022 1040 non

69 1070 137 1150 erat,
157 1067 242 1151 quin
263 1067 319 1132 ille
341 1067 407 1133 iem
428 1067 557 1153 iamque
578 1067 665 1134 foret
685 1067 722 1131 in
741 1065 871 1151 Apulia,
893 1061 1022 1128 Gnaeus

5 1191 17 1220 s
68 1157 167 1218 noster
189 1155 228 1220 in
252 1155 338 1222 navi
373 1155 446 1241 Ego
468 1156 545 1241 quid
568 1155 685 1242 egam?
708 1153 836 1238 σκέμμα
858 1164 1048 1238 magnum‚³

70 1261 162 1326 neque
193 1245 379 1311 mehercule
410 1243 492 1310 mihi
519 1245 648 1329 quidem
675 1243 791 1328 ullum,
822 1241 887 1306 nisi
914 1240 1023 1307 omnia

72 1334 168 1396 essent
200 1335 278 1398 aeta
308 1332 495 1417 turpissime
531 1354 635 1418 neque
666 1353 728 1418 ego
764 1331 861 1397 ullius
897 1329 1023 1395 consilii

71 1419 236 1570 particeps3
269 1420 327 1485 sed
357 1426 480 1505 temen,
512 1421 598 1507 quod
628 1442 678 1487 me
706 1420 826 1485 deceat.
870 1417 945 1502 Ipse
972 1439 1024 1482 me

93 1527 178 1572 aerar
201 1508 245 1574 ad
268 1530 381 1592 pacem
403 1509 566 1593 hortatum
589 1509 645 1574 sed
668 1507 865 1593 antiquiores
888 1507 1024 1589 litterae,

73 1613 157 1676 quam
178 1619 275 1662 ruere
299 1597 416 1682 coepit:
439 1597 617 1682 Dolabella,
640 1595 767 1662 (laelius
787 1617 838 1660 me
860 1595 909 1660 illi
931 1594 1023 1658 valde
1131 1645 1138 1661 .

73 1683 257 1750 satisfacere.
285 1683 369 1750 Mira
391 1707 443 1750 me
466 1680 589 1770 ἀπορία
611 1688 754 1771 torquet:
776 1685 853 1750 iuva
874 1705 925 1748 me
948 1703 1023 1748 eon·

75 1769 149 1855 silio,
170 1773 198 1838 si
220 1776 331 1858 potes,
353 1777 386 1838 et
407 1778 518 1839 tamen
539 1775 618 1858 ista,
641 1777 799 1859 quantum
822 1775 928 1857 potes,
950 1793 1023 1856 pro-

75 1857 143 1923 vide
181 1857 277 1926 Nihil
298 1862 403 1927 habeo
426 1865 520 1927 tanta
541 1883 649 1926 rerum
670 1861 914 1947 perturbatione
937 1859 1024 1946 quod

76 1946 212 2014 scribom:
240 1953 317 2016 tuas
338 1947 463 2016 litteras
484 1939 644 2034 exspecto.

494 2108 598 2174 XXII.

106 2224 159 2283 Sor.
175 2206 208 2284 in'
224 2229 376 2284 Formiano
394 2248 420 2284 a.
439 2229 465 2284 d.
485 2229 518 2283 V.
537 2230 604 2284 idus
622 2227 790 2283 Februarias
810 2245 834 2282 a.
850 2245 876 2280 u.
892 2243 915 2280 c.
927 2230 986 2280 705.

355 2333 485 2390 CICERO
504 2334 640 2390 ATTICO
660 2331 734 2388 SAL.

133 2437 250 2508 Pedem
273 2441 310 2507 in
330 2441 426 2507 Italia
448 2444 540 2509 video
563 2443 689 2517 nullum
712 2462 795 2524 esre,
822 2441 878 2527 qui
899 2463 968 2508 non
989 2439 1051 2504 in1

78 2523 158 2625 istim
180 2535 344 2615 potestate
367 2531 422 2596 sit:
447 2529 485 2596 de
508 2531 662 2616 Pompeio
686 2530 859 2620 ecio-Q
880 2551 1026 2617 eumque,

80 2615 186 2681 melin
208 2640 326 2684 navem
349 2641 383 2684 se
406 2619 587 2703 contulerit,
616 2622 784 2704 exceptum
805 2618 846 2684 iri
867 2623 957 2704 puto.
997 2618 1025 2686 0

80 2701 264 2772 celeritatem
286 2707 518 2772 incredibilem!
540 2707 636 2772 huius
651 2711 759 2772 eutem
781 2708 886 2772 nostri
906 2745 945 2755 -
969 2708 1025 2773 sed

81 2807 137 2854 non
157 2813 290 2877 possum
305 2795 373 2860 sine
388 2795 498 2861 dolore
511 2816 661 2860 accusare
675 2817 757 2880 eum,
779 2796 818 2860 de
835 2819 899 2880 quo
923 2818 1027 2881 angor

82 2879 108 2939 et
127 2883 256 2948 crucior.
300 2882 350 2948 Tu
368 2884 503 2958 'eaedem
523 2904 592 2948 non
615 2883 684 2948 sine
707 2905 805 2948 causa
825 2885 937 2967 times,
958 2905 1026 2948 non

83 2971 263 3046 quominus
287 2971 461 3057 quidquem
482 2970 612 3036 Caesari
635 2972 783 3056 expediat
805 2971 846 3036 ad
869 2971 1026 3036 diuturni·
1147 3005 1148 3009 =

82 3053 170 3120 tatem
191 3060 345 3125 victoriae
368 3064 401 3124 et
422 3060 662 3144 dominationis,
685 3060 741 3125 sed
764 3059 867 3143 video,
889 3076 1052 3143 quorumr

5 3153 7 3184 ³
84 3141 202 3212 arbitrio
226 3149 270 3212 sit
291 3153 430 3215 aeturus.
475 3148 618 3227 †Reete
646 3147 689 3214 sit
711 3168 826 3212 censeo
850 3146 1026 3211 cedendum

142 3264 191 3336 llp.
213 3275 256 3336 21,
276 3275 299 3324 3.
319 3285 408 3338 aqam,
426 3267 536 3339 σκέμμα
555 3269 620 3338 (W.,
638 3267 745 3323 utiam
764 3266 857 3336 Scala
884 3267 936 3336 Ep.
947 3274 990 3336 22,
1004 3274 1026 3323 1,

85 3344 167 3389 tmen
183 3340 252 3409 (vc).
282 3341 376 3394 naoim
394 3339 546 3408 (MRIB.)?
583 3345 607 3394 2.
639 3337 788 3392 Exciditne
805 3337 850 3392 De
866 3339 1027 3394 mulieribus

86 3405 140 3482 plot
156 3413 272 3464 coraus.
292 3410 361 3479 (W.;
381 3409 443 3466 Seh.
463 3410 530 3464 addi
547 3409 638 3465 voluit
657 3409 854 3478 Metambala?
878 3439 913 3449 —
931 3407 1026 3464 Recte:

85 3484 118 3524 oc
133 3491 162 3542 c,
177 3481 230 3534 ced.
250 3479 302 3548 (R.²
321 3480 371 3535 sed
387 3499 411 3536 r.
430 3482 520 3548 sice,
537 3483 589 3550 c.)?
620 3479 656 3534 R.
675 3484 729 3534 est:
747 3495 769 3534 o.
788 3496 809 3534 c.
830 3479 914 3548 (Wll
933 3479 968 3536 R.
987 3481 1027 3534 sic

88 3555 169 3613 wer,
185 3565 206 3604 c.
226 3551 380 3620 (Kayser.)?

131 3633 237 3681 clauom!
250 3641 314 3689 eplrt.
328 3641 360 3681 11.
830 3645 864 3694 1¹¹1
